
@string{esp = "Elsevier Science Publishers B.V."}
@string{cup = "Cambridge University Press"}
@string{lea = "Lawrence Erlbaum Associates"}
@string{adw = "Addison-Wesley"}
@string{api = "Academic Press, Inc."}
@string{mit = "MIT Press"}
@string{jws = "John Wiley and Sons"}
@string{mkp = "Morgan Kaufmann Publishers"}
@string{fre = "W. H. Freeman and Company"}
@string{spv = "Springer-Verlag"}
@string{cogs = "School of Cognitive and Computing Sciences, University of Sussex"}
@string{cmu = "School of Computer Science, Carnegie Mellon University"}
@string{crl="Center for Research in Language, University of California, San Diego"}
@string{cma = "Cambridge, MA"}
@string{cuk = "Cambridge, UK"}
@string{smca = "San Mateo, CA"}
@string{brighton = "Brighton, UK"}
@string{hnj = "Hillsdale, NJ"}
@string{ppa = "Pittsburgh, PA"}
@string{ljca = "La Jolla, CA"}
@string{ny = "New York, NY"}
@string{altos = "Los Altos, CA"}
@string{bbs = "Behavioral and Brain Sciences"}
@string{nas = "Proceedings of the National Academy of Sciences USA"}
@string{cmj = "Computer Music Journal"}
@string{jep:g = "Journal of Experimental Psychology: General"}
@string{cogsci92 = "Proceedings of the Fourteenth Annual Conference of the Cognitive Science Society"}
@string{sfca = "San Francisco, CA"}
@string{aisb = "Artificial Intelligence and the Simulation of Behaviour Quarterly"}

@article{werbbp,
   author = {P. J. Werbos},
   journal = {Proceedings of the IEEE},
   number = {10},
   pages = {1550--1560},
   title = {Backpropagation through time: what it does and how to do it},
   volume = {78},
   year = {1990}
}

@incollection{klahinfo,
   author = {D. Klahr},
   address = {London},
   booktitle = {Six Theories of Child Development},
   editor = {R. Vasta},
   note = {First published in {\em Annals of Child Development,} volume~6, pp.~133--185.},
   publisher = {Jessica Kingsley Publishers},
   title = {Information-processing approaches},
   year = {1992}
}

@techreport{clartrad,
   author = {A. Clark and C. J. Thornton},
   address = brighton,
   institution = cogs,
   number = {CSRP 291},
   title = {Trading spaces; computation, representation and the limits of learning},
   year = {1993}
}

@techreport{thorrepr,
   author = {C. J. Thornton},
   address = brighton,
   institution = cogs,
   number = {CSRP 282},
   title = {Representation as function hiding},
   year = {1993}
}

@techreport{thorcomp,
   author = {C. J. Thornton},
   address = brighton,
   institution = cogs,
   number = {CSRP 234},
   title = {The complexity of constructive induction},
   year = {1992}
}

@misc{dageorga,
   author = {D. Dagenbach and M. McCloskey},
   howpublished = {Draft manuscript},
   title = {The organization of arithmetic facts in memory: evidence from a brain-damaged patient},
   year = {1992}
}

@book{hertintr,
   author = {J. Hertz and A. Krogh and R. G. Palmer},
   address = {Redwood City, CA},
   publisher = adw,
   series = {Santa Fe Institute studies in the Sciences of Complexity},
   title = {Introduction to the Theory of Neural Computation},
   year = {1991}
}

@book{normpsyc,
   author = {D. A. Norman},
   address = {New York, NY},
   publisher = {Basic Books},
   title = {The Psychology of Everyday Things},
   year = {1988}
}

@incollection{sleeasse,
   author = {D. H. Sleeman},
   address = {London},
   booktitle = {Intelligent Tutoring Systems},
   chapter = {9},
   editor = {D. H. Sleeman and J. S. Brown},
   publisher = {Academic Press},
   title = {Assessing aspects of competence in basic algebra},
   year = {1982}
}

@techreport{rickinte,
   author = {T. C. Rickard and M. C. Mozer and Bourne, Jr., L. E.},
   address = {Boulder, CO},
   institution = {Institute of Cognitive Science, University of Colorado},
   number = {92-15},
   title = {An interactive activation model of arithmetic fact retrieval},
   year = {1992}
}

@misc{rickintedraft,
   author = {T. C. Rickard  and Bourne, Jr., L. E.},
   address = {Boulder, CO},
   howpublished = {Draft paper.},
   institution = {Institute of Cognitive Science, University of Colorado},
   number = {92-15},
   title = {An interactive activation model of skilled mental arithmetic},
   year = {1992}
}

@misc{kinngene,
   author = {Kinnear, Jr., K. E.},
   booktitle = {Proceedings of the Fifth International Conference on Genetic Algorithms},
   howpublished = {To appear in {\em The Fifth International Conference on Genetic Algorithms}},
   title = {Generality and difficulty in genetic programming: evolving a sort},
   year = {1993}
}

@incollection{harvspec,
   author = {I. Harvey},
   address = cma,
   booktitle = {Towards A Practive of Autonomous Systems: Proceedings of the First European Conference on Artificial life},
   editor = {F. J. Varela and P. Bourgine},
   pages = {346--354},
   publisher = mit,
   title = {Species adaptation genetic algorithms: a basis for a continuing \uppercase{SAGA}},
   year = {1992}
}

@book{holladap,
   author = {J. H. Holland},
   publisher = {University of Michigan Press},
   title = {Adaptation in Natural and Artificial Systems: An Introductionary Analysis with Applications to Biology, Control and Artificial Intelligence},
   year = {1975}
}

@misc{cummrepr,
   author = {F. Cummins},
   howpublished = {To appear in {\em The Fifteenth Annual Conference of the Cognitive Science Society}},
   title = {Representation of temporal patterns in recurrent networks},
   year = {1993}
}

@incollection{mcclcata,
   author = {M. McCloskey and N. J. Cohen},
   address = {New York},
   booktitle = {The Psychology of Learning and Motivation},
   editor = {G. H. Bower},
   pages = {109--165},
   publisher = {Academic Press},
   title = {Catastrophic interference in connectionist networks:  the sequential learning problem},
   volume = {24},
   year = {1989}
}

@misc{mcracata,
   author = {K. McRae and P. A. Hetherington},
   howpublished = {To appear in {\em Proceedings of the Fifteenth Conference of the Cognitive Science Society}},
   title = {Catastrophic interference is eliminated in pretrained networks},
   year = {1993}
}

@article{ratcconn,
   author = {R. Ratcliff},
   journal = {Psychological Review},
   number = {2},
   pages = {285--308},
   title = {Connectionist models of recognition memory: constraints imposed by learning and forgetting functions},
   volume = {97},
   year = {1990}
}

@misc{jonesche,
   author = {A. J. Jones},
   howpublished = {Manuscript accepted for {\em The Fifth International Conference on Genetic Algorithms}},
   title = {A schemata theorem for trees},
   year = {1993}
}

@book{kozagp,
   author = {J. R. Koza},
   address = cma,
   publisher = mit,
   title = {Genetic Programming:  On the Programming of Computers by Natural Selection},
   year = {1992}
}

@incollection{mitcvers,
   author = {T. Mitchell},
   booktitle = {Proceedings of the Fifth International Joint Conference on Artificial Intelligence},
   pages = {305--310},
   publisher = mkp,
   title = {Version spaces: a candidate elimination approach to rule learning},
   volume = {1},
   year = {1977}
}

@article{clarbiol,
   author = {A. Clark},
   journal = {Mind  \& Language},
   number = {1},
   pages = {45--63},
   title = {A biological metaphor},
   volume = {1},
   year = {1986}
}

@article{clarklud,
   author = {A. Clark},
   journal = {Mind \& Language},
   number = {4},
   pages = {277--300},
   title = {The kludge in the machine},
   volume = {2},
   year = {1987}
}

@techreport{coleharp,
   author = {A. Newell},
   address = hnj,
   booktitle = {Perception and Production of Fluent Speech},
   chapter = {11},
   editor = {R. A. Cole},
   pages = {289--380},
   publisher = lea,
   title = {Harpy, production systems, and human cognition},
   year = {1980}
}

@incollection{normcopy,
   author = {D. A. Norman},
   address = hnj,
   booktitle = {Perception and Production of Fluent Speech},
   chapter = {12},
   editor = {R. A. Cole},
   pages = {381--395},
   publisher = lea,
   title = {Copycat science or \uppercase{D}oes the mind really work by table look-up?},
   year = {1980}
}

@article{mitcgene,
   author = {T. M. Mitchell},
   journal = {Artificial Intelligence},
   pages = {203-226},
   title = {Generalization as search},
   volume = {18},
   year = {1982}
}

@article{vanllear,
   author = {K. VanLehn},
   journal = {Artificial Intelligence},
   pages = {1--40},
   title = {Learning one subprocedure per lesson},
   volume = {31},
   year = {1987}
}

@article{vanlrule,
   author = {K. VanLehn},
   journal = {Cognitive Science},
   pages = {1--47},
   title = {Rule acquisition events in the discovery of problem-solving strategies},
   volume = {15},
   year = {1991}
}

@incollection{vanltowa,
   author = {K. VanLehn},
   address = ny,
   booktitle = {Learning Issues for Intelligence Tutoring Systems},
   chapter = {2},
   editor = {H. Mandi and A. Lesgold},
   pages = {19-41},
   publisher = spv,
   title = {Towards a theory of impasse-driven learning},
   year = {1988}
}

@article{stardoes,
   author = {R. J. Stark},
   journal = aisb,
   pages = {8--9},
   title = {Does hybrid mean more than one? \uppercase{R}eport on the \uppercase{JCI} workshop on hybrid models},
   volume = {78},
   year = {1991}
}

@incollection{vangbeyo,
   author = {T. {van Gelder} and R. Port},
   booktitle = {Symbol Processing and Connectionist Models in Artificial Intelligence and Cognition:  Steps Towards Integration},
   editor = {V. Honavar and L. Uhr},
   publisher = {Academic Press},
   title = {Beyond symbolic: prolegomena to a {\em Karma-Sutra} of compositionality},
   year = {1993}
}

@incollection{plathrn,
   author = {T. A. Plate},
   booktitle = {Advances in Neural Information Processing Systems 5},
   editor = {C. L. Giles and S. L. Hanson and J. D. Cowan},
   publisher = mkp,
   title = {Holographic Recurret Networks},
   year = {1992}
}

@book{karmbeyo,
   author = {A. Karmiloff-Smith},
   address = cma,
   publisher = mit,
   title = {Beyond  Modularity: A Developmental Perspective on Cognitive Science},
   year = {1992}
}

@book{younseri,
   author = {R. M. Young},
   address = {Basel},
   publisher = {Birkhauser},
   title = {Seriation by children: an artifical intelligence analysis of a \uppercase{P}iagetian task},
   year = {1976}
}

@book{clarasso,
   author = {A. Clark},
   address = cma,
   howpublished = {To appear in 1993, MIT Press.},
   note = {To appear in 1993},
   publisher = mit,
   title = {Associative Engines: Connectionism, Concepts and Representational Change},
   year = {1993}
}

@incollection{suppread,
   author = {P. Suppes},
   booktitle = {Eye Movements and their Role in Visual and Cognitive Processes},
   chapter = {10},
   editor = {E. Kowler},
   publisher = esp,
   title = {Eye-movement models for arithmetic and reading performance},
   year = {1990}
}

@incollection{hughwhat,
   author = {M. Hughes},
   address = {Oxford, UK},
   booktitle = {Early Childhood Development and Education},
   chapter = {15},
   editor = {M. Donaldson and R. Grieve and C. Pratt},
   publisher = {Basil Blackwell Ltd},
   title = {What is difficult about learning arithmetic?},
   year = {1983}
}

@book{donachil,
   author = {M. Donaldson},
   address = {London, UK},
   publisher = {Fontana Press},
   title = {Children's Minds},
   year = {1978}
}

@book{klahprod,
   address = cma,
   editor = {D. Klahr and P. Langley and R. Neches},
   publisher = mit,
   title = {Production Systems Models of Learning and
 Development},
   year = {1987}
}

@book{nadeneur,
   address = cma,
   editor = {L. Nadel and L. A. Copper and P. Culicover
 and R. M. Harnish},
   publisher = mit,
   title = {Neural Connections, Mental Computation},
   year = {1989}
}

@book{normmode,
   address = ny,
   editor = {D. A. Norman},
   publisher = {Academic Press},
   title = {Models of Human Memory},
   year = {1970},
   comments = "Lots of references to threshold-style response mechanisms
                                                                                                                                                                                                                                                       and/or rule response mechanisms.  Includes Normal; & McClellands paper on
                                                                                                                                                                                                                                                       memory"
}

@techreport{clararti,
   author = {A. Clark},
   address = brighton,
   institution = cogs,
   number = {CSRP 49},
   title = {Artificial intelligence and the biological factor},
   year = {1985}
}

@article{clarcogn,
   author = {A. Clark},
   journal = {New Scientist},
   pages = {36--38},
   title = {Cognitive science meets the biological mind},
   volume = {1581},
   year = {1987}
}

@techreport{clarbeli,
   author = {A. Clark},
   address = brighton,
   institution = cogs,
   number = {CSRP 154},
   title = {The believer's innards},
   year = {1989}
}

@techreport{clarcomp,
   author = {A. Clark},
   address = brighton,
   institution = cogs,
   number = {CSRP 120},
   title = {Connectionism, competence and explanation},
   year = {1988}
}

@incollection{clarconn,
   author = {A. Clark},
   address = {Chichester},
   booktitle = {Advances in Artificial Intelligence},
   editor = {J. Hallam and C. Mellish},
   pages = {3--15},
   publisher = jws,
   title = {Connectionism and Cognitive Science},
   year = {1987}
}

@incollection{clarinde,
   author = {A. Clark},
   address = hnj,
   booktitle = {Philosophy and Connectionist Theory},
   chapter = {6},
   editor = {W. Ramsey and S. P. Stich and D. E. Rumelhart},
   pages = {115--128},
   publisher = lea,
   series = {Developments in Connectionist Theory},
   title = {In Defence of Explicit Rules},
   year = {1991},
   comments = "Argues that PDP nets can only negotiate their domain and do not have the flexibility offered by rules. Suggests that representational redescription is the way to acquire rules, and that this method may be part of the scientific essence of a true believer, much as the scientific essen
                                                                                                                                             e of gold is having the atomic number 79."
}

@techreport{clarrede,
   author = {A. Clark},
   address = brighton,
   institution = cogs,
   number = {CSRP 143},
   title = {Connectionism, non-conceptual content and
 representational re-description},
   year = {1989}
}

@book{micro,
   author = {A. Clark},
   address = cma,
   publisher = mit,
   title = {Microcognition: Philosophy, Cognitive Science, and
 Parallel Distributed Processing},
   year = {1989}
}

@article{thorstir,
   author = {C. J. Thornton},
   journal = aisb,
   pages = {7},
   title = {Stirring shakes: introduction to the special issue on hybrid systems},
   volume = {78},
   year = {1991}
}

@article{thorhybr,
   author = {C. J. Thornton},
   journal = aisb,
   pages = {9},
   title = {Hybridism: a paradigm too many? (\uppercase{I}ntroduction to part \uppercase{II} of the special issue on hybrid models)},
   volume = {79},
   year = {1992}
}

@book{thortech,
   author = {C. J. Thornton},
   address = {London},
   publisher = {Chapman and Hall},
   title = {Techniques in Computational Learning: An Introduction},
   year = {1992}
}

@incollection{micro:7,
   author = {A. Clark},
   address = cma,
   booktitle = {Microcognition: Philosophy, Cognitive Science, and
 Parallel Distributed Processing},
   publisher = mit,
   title = {The Multiplicity of Mind: a Limited Defence of
 Classical Cognitivism},
   year = {1989},
   thechapter = "7"
}

@incollection{net:5,
   author = {A. Clark},
   address = cma,
   booktitle = {Net Thought},
   chapter = {5},
   publisher = mit,
   title = {Code, Process and Explicit Representation: a slippery
 \uppercase{L.O.T}},
   year = {1991},
   comments = "view of explicit/implicit rep; comments on Kirsh; Suggests 2 degrees to explicitness: speed and diversity of use"
}

@techreport{innards,
   author = {A. Clark and A. Karmiloff-Smith},
   address = brighton,
   institution = cogs,
   number = {CSRP 193},
   title = {The Cognizer's Innards: a psychological and philosophical perspective on the development of thought},
   year = {1991}
}

@article{cleefini,
   author = {A. Cleeremans and D. Servan-Schreiber and J. L. McClelland},
   journal = {Neural Computation},
   pages = {372--381},
   title = {Finite state automata and simple recurrent networks},
   volume = {1},
   year = {1988}
}

@incollection{bartneur,
   author = {A. G. Barto and R. S. Sutton and C. W. Anderson},
   address = cma,
   booktitle = {Neurocomputing: Foundations for Research},
   chapter = {32},
   editor = {J. A. Anderson and E. Rosenfeld},
   note = {First published {\em IEEE Transactions on Systems, Man,
 and Cybernetics.} SMC-13:834--846},
   pages = {537--549},
   publisher = mit,
   title = {Neuronlike adaptive elements that can solve difficult
 learning control problems},
   year = {1983},
   bookyear = "1989"
}

@incollection{samuchec,
   author = {A. L. Samuel},
   booktitle = {Computers and Thought},
   editor = {E. A. Feigenbaum and J. Feldman},
   pages = {71--105},
   publisher = {McGraw-Hill},
   title = {Some Studies in Machine Learning Using the Game of
 Checkers},
   year = {1959},
   bookyear = "1963"
}

@incollection{maskcogsci92,
   author = {A. Maskara and A. Noetzel},
   address = hnj,
   booktitle = cogsci92,
   pages = {420--425},
   publisher = lea,
   title = {Forced Simple Recurrent Neural Networks and Grammatical Inference},
   year = {1992},
   comments = "Compares Elmans Simple Recurrent Net to the Auto-Associative Recurrent Net (AARN).   Notes that the auto-associative feature allows AARN to learn with a smaller number of hidden units compared to SRN.  For a FSM with u states, the AARN can learn with log u hidden units (and the SRN c
                                                                                                                                             nnot).   Because the hidden layer has to be able to reproduce the context layer, the context is encoded in the hidden layer (and thus the enter sequence is encoded).   Notes that networks do not perform well with positive-only training examples if a predetermined threshold value is used for classif
                                                                                                                                             cation, but the addition of negative examples will allow the net to solve the problem."
}

@misc{maskforc,
   author = {A. Maskara and A. Noetzel},
   howpublished = {To appear in {\em The Proceedings of the 1992 Long Island Conference on Artificial Intelligence and Computer Graphics.}},
   title = {Forcing Simple Recurrent Neural Networks to Encode Context},
   year = {1992}
}

@incollection{newecomp,
   author = {A. Newell and H. A. Simon},
   address = cma,
   booktitle = {Mind Design: Philosophy, Psychology, Artificial Intelligence},
   chapter = {1},
   editor = {J. Haugeland},
   publisher = mit,
   title = {Computer science as empirical inquiry: symbols and Search},
   year = {1981},
   COMMENTS = {p.49, description of how symbolic modelling of human processess proceeds.  Lots of interesting historical notes of the development of the PSS hypothesis -- and plenty of reminders that it is just a hypothesis, to be empirically tested.  Also, the language used in the definitions are
                                                                                                                                             asily adapted to GAs and NNs. Obviously, N+S were not going to limit themselves to computing as it was known then.  The importance of resourcfe limited computing is also noted.  It's also obvious (1965) that symbolic systems were going to be `expert' and the perceptual processes were being left out
                                                                                                                                             of the the field.   Notes that intelligence cannot come out of a random environment -- there has to be extractable structure.}
}

@techreport{slomwhy,
   author = {A. Sloman},
   address = brighton,
   institution = cogs,
   number = {CSRP 52},
   title = {Why we need many knowledge representation formalisms},
   year = {1985}
}

@techreport{stoltree,
   author = {A. Stolcke and D. Wu},
   address = {CA},
   institution = {Computer Science Division, University of California at
 Berkeley},
   number = {TR-92-025},
   title = {Tree Matching with Recursive Distributed Representations},
   year = {1992},
   comments = "Trained RAAM and transformation at the same time (i.e.,
                                                                                                                                                                                                                                                       the transformantion was trained on top of the RAAM architecture and
                                                                                                                                                                                                                                                       injected error into the RAAM."
}

@article{tdnn,
   author = {A. Waibel and J. Hampshire},
   journal = {Byte},
   number = {8},
   pages = {235--242},
   title = {Building Blocks for Speech},
   volume = {14},
   year = {1989}
}

@inproceedings{macdconn,
   author = {B. A. MacDonald},
   address = ny,
   booktitle = {Neural Information Processing Systems},
   editor = {D. Z. Anderson},
   pages = {505--514},
   publisher = {American Institute of Physics},
   title = {Connecting to the Past},
   year = {1985}
}

@techreport{pearlear,
   author = {B. A. Pearlmutter},
   address = {Pittsburgh, PA},
   institution = {School of Computer Science, Carnegie Mellon
 University},
   number = {CMU-CS-88-191},
   title = {Learning State Space Trajectories in Recurrent Neural
 Networks},
   year = {1988}
}

@misc{gileextr,
   author = {C. L. Giles and C. B. Miller and D. Chen and G. Z. Sun and H. H. Chen and Y. C. Lee},
   howpublished = {To appear in Moody, J.\ E., Hanson, S.\ J.\ \& Lippmann, R.\
 P.\ (eds.) {\em Neural Information Processing Systems 4.} Morgan Kaufmann,
 San Mateo, CA.},
   title = {Extracting and Learning an Unknown Grammar with Recurrent Neural Networks},
   year = {1992}
}

@misc{gilelear,
   author = {C. L. Giles and C. B. Miller and D. Chen and H. H. Chen and G. Z. Sun and Y. C. Lee},
   howpublished = {Accepted for publication in {\em Neural Computation.}},
   title = {Learning and Extracting Finite State Automata with
 Second-Order Recurrent Neural Networks},
   year = {1992}
}

@inproceedings{harrrepr,
   author = {C. L. Harris and J. L. Elman},
   booktitle = {Proceedings of the ???th Annual Conference of the
 Cognitive Science Society},
   pages = {635--642},
   title = {Representing Variable Information with Simple Recurrent
 Networks},
   year = {??1989??},
   comments = "Gives example of how variable information can be
                                                                                                                                                                                                                                                       seen as deflecting the trajectory of a network.  Shows cluster after
                                                                                                                                                                                                                                                       removing the context input to remove effect of a word's context.
                                                                                                                                                                                                                                                       Uses first couple of PCs to plot trajectories for sentences."
}

@incollection{elmastru,
   author = {J. L. Elman},
   address = hnj,
   booktitle = {Proceedings of the Eleventh Annual Conference of the Cognitive Science Society},
   pages = {17--25},
   publisher = lea,
   title = {Structured representations and connectionist models},
   year = {1989}
}

@techreport{csg,
   author = {C. McMillan and M. C. Mozer and P. Smolensky},
   address = {Boulder, CO},
   institution = {Department of Computer Science, University of
 Colorado},
   number = {CU-CS-530-91},
   title = {The Connectionist Scientist Game: rule Extraction and
 Refinement in a Neural Network},
   year = {1991}
}

@article{tpps,
   author = {C. P. Dolan and P. Smolensky},
   journal = {Connection Science},
   number = {1},
   title = {Tensor Product Production System: A Modular
 Architecture and Representation},
   volume = {1},
   year = {1989}
}

@techreport{rosenet,
   author = {C. R. Rosenberg},
   institution = {Cognitive Science Laboratory, Princeton
 University},
   number = {CSL 9},
   title = {Revealing the Structure of \uppercase{NET}talk's Internal Representation},
   year = {1987}
}

@misc{squiexpe,
   author = {C. S. Squires and J. W. Shavlik},
   howpublished = {Submitted to {\em Neural Networks}},
   title = {Experimental analysis of aspects of the cascade-correlation learning architecture},
   year = {1991},
   comment = "backprop is better than quickprop; patience is useful"
}

@misc{dennevol,
   author = {D. C. Dennett},
   howpublished = {The Jacobsen Lecture, University of London},
   title = {The Evolution of Consciousness},
   year = {1988}
}

@incollection{denncogn,
   author = {D. Dennett},
   address = cuk,
   booktitle = {Minds, Machines and Evolution},
   editor = {C. Hookway},
   publisher = cup,
   title = {Cognitive wheels: the frame problem of \uppercase{AI}},
   year = {1984}
}

@incollection{roseappr,
   author = {D. E. Rose},
   address = smca,
   booktitle = {Proceedings of the 1990 Connectionist
 Models Summer School},
   editor = {D. S. Touretzky and J. L. Elman and T. Sejnowski and G.
 Hinton},
   pages = {265--276},
   publisher = mkp,
   title = {Appropriate Uses of Hybrid Systems},
   year = {1991}
}

@incollection{rosesymb,
   author = {P. S. Rosenbloom},
   booktitle = {Connectionism in Perspective},
   editor = {R. Pfeifer and Z. Schreter and F. Fogelman-Souli\'{e} and L. Steels},
   publisher = esp,
   title = {A symbolic goal-oriented perspective on connectionism and Soar},
   year = {1989}
}

@article{rosecase,
   author = {D. E. Rose and R. K. Belew},
   journal = {UNKNOWN},
   number = {?},
   pages = {844--851},
   title = {A Case for Symbolic/Sub-symbolic Hybrids},
   volume = {?},
   year = {??}
}

@article{rumesimu,
   author = {D. E. Rumelhart and D. A. Norman},
   journal = {Cognitive science},
   pages = {1--36},
   title = {Simulating a skilled typist: a study of skilled
 cognitive-motor performance},
   volume = {6,},
   year = {1982}
}

@incollection{pdp:8,
   author = {D. E. Rumelhart and G. E. Hinton and R. J. Williams},
   address = cma,
   booktitle = {Parallel Distributed Processing: Explorations in the
 Microstructure of Cognition},
   editor = {D. E. Rumelhart and J. L. McClelland and {The PDP
 Research Group}},
   publisher = mit,
   title = {Learning internal representations by error propagation},
   volume = {1: Foundations},
   year = {1986},
   btwchapter = "8"
}

@incollection{pdp:18,
   author = {D. E. Rumelhart and J. L. McClelland},
   address = cma,
   booktitle = {Parallel Distributed Processing: Explorations in the
 Microstructure of Cognition},
   editor = {D. E. Rumelhart and J. L. McClelland and {The PDP
 Research Group}},
   publisher = mit,
   title = {On learning the past tenses of \uppercase{E}nglish verbs},
   volume = {2: Psychological and biological models},
   year = {1986},
   btwchapter = "18"
}

@incollection{pdp:4,
   author = {D. E. Rumelhart and J. L. McClelland},
   address = cma,
   booktitle = {Parallel Distributed Processing: Explorations in the
 Microstructure of Cognition},
   editor = {D. E. Rumelhart and J. L. McClelland and {The PDP
 Research Group}},
   publisher = mit,
   title = {\uppercase{PDP} models and general issues in cognitive science},
   volume = {1: Foundations},
   year = {1986},
   btwchapter = "4"
}

@book{pdp1,
   author = {D. E. Rumelhart and J. L. McClelland},
   address = cma,
   publisher = mit,
   title = {Parallel Distributed Processing: Explorations in the
 Microstructure of Cognition},
   volume = {1},
   year = {1986}
}

@incollection{pdp:14,
   author = {D. E. Rumelhart and P. Smolensky and J. L. McClelland
 and G. E. Hinton},
   address = cma,
   booktitle = {Parallel Distributed Processing: Explorations in the
 Microstructure of Cognition},
   editor = {D. E. Rumelhart and J. L. McClelland},
   publisher = mit,
   title = {Schemata and sequential thought processes in \uppercase{PDP} models},
   volume = {2: Psychological and biological models},
   year = {1986},
   btwchapter = "14"
}

@article{amitneur,
   author = {D. J. Amit},
   journal = nas,
   pages = {2141--2145},
   title = {Neural Networks Counting Chimes},
   volume = {85},
   year = {1988}
}

@techreport{chalsynt,
   author = {D. J. Chalmers},
   institution = {Indiana University},
   note = {To appear in {\em Connection Science}, volume 2},
   title = {Syntactic Transformations of Distributed
 Representations},
   year = {1990}
}

@incollection{grahassoc,
   author = {D. J. Graham},
   address = {Oxford},
   booktitle = {Cognitive Processes in Mathematics},
   editor = {J. A. Sloboda and D. Rogers},
   pages = {123--141},
   publisher = {Clarendon Press},
   title = {An Associative Retrieval model of Arithmetic Memory: how
 Children Learn to Multiply},
   year = {1987},
   comments = "Like Campbell, but attacks structural variables
                                                                                                                                                                                                                                                       account.  Describes the Table relatedness phenomenon and magnitude
                                                                                                                                                                                                                                                       effect"
}

@techreport{grahconn,
   author = {D. J. Graham},
   address = {University of Otago,  New Zealand},
   institution = {Artificial Intelligence Laboratory, Department of Computer Science},
   number = {AIM-8-90-3},
   title = {Connectionist network models of cognitive arithmetic: explorations in back-propagation architectures and training sequences},
   year = {1990}
}

@incollection{willshaw,
   author = {D. J. Willshaw and O. P. Buneman and H. C.
 Longuet-Higgins},
   address = cma,
   booktitle = {Neurocomputing: Foundations for Research},
   chapter = {12},
   editor = {J. A. Anderson and E. Rosenfeld},
   note = {First published {\em Nature} 222:960--962.},
   pages = {153--156},
   publisher = mit,
   title = {Non-holographic associative memory},
   year = {1969},
   bookyear = "1989"
}

@article{kirspric,
   author = {D. Kirsh},
   journal = {The Southern Journal of Philosophy},
   pages = {119--135},
   title = {Putting a Price on Cognition},
   volume = {Supplement},
   year = {1987},
   comments = "Argues that because PDP nets can't handle the rampant variable binding that traditional AI needs, then human cognition doesn't use so many variables; Mix-up over implementation variables and genuine variables"
}

@incollection{kirswhen,
   author = {D. Kirsh},
   booktitle = {Information, Thought and Content},
   editor = {P. Hanson},
   publisher = {UBC Press},
   title = {When is information explicitly represented?},
   year = {1990},
   comments = "re-think our notions of what is explicit; depends
                                                                                                                                                                                                                                                       on architecture; explicit means ready for use; BUT see net:5"
}

@article{kleisequ,
   author = {D. Kleinfeld},
   journal = nas,
   pages = {9469--9473},
   title = {Sequential State Generation by Model Neural Networks},
   volume = {83},
   year = {1986}
}

@book{geb,
   author = {D. R. Hofstadter},
   address = brighton,
   publisher = {Harvester Press},
   title = {G\"odel, Escher, Bach: An Eternal Golden Braid},
   year = {1979}
}

@incollection{hofswaki,
   author = {D. R. Hofstadter},
   address = {Harmondsworth, UK},
   booktitle = {Metamagical Themas: Questing for the Essence
 of Mind and Pattern},
   chapter = {26},
   pages = {631--665},
   publisher = {Penguin Books},
   title = {Waking Up from the Boolean Dream, or, {Subcognition}
 as Computation},
   year = {1985}
}

@incollection{hofswho,
   author = {D. R. Hofstadter},
   address = {Harmondsworth, UK},
   booktitle = {Metamagical Themas: Questing for the Essence
 of Mind and Pattern},
   chapter = {25},
   pages = {604--630},
   publisher = {Penguin Books},
   title = {Who Shoves Whom Around Inside the Careenium? or,
 {What} Is the Meaning of the Word ``{I}''?},
   year = {1985}
}

@book{howemath,
   author = {A. Howell and R. Walker and H. Fletcher},
   address = {London},
   edition = {second},
   publisher = adw,
   title = {Mathematics for Schools},
   volume = {I and II of Teacher's resource book},
   year = {1979}
}

@inproceedings{reisexte,
   author = {D. Reisberg},
   booktitle = {Proceedings of the Ninth Annual Conference of the
 Cognitive Science Society},
   pages = {281--293},
   title = {External representations and the advantages of
 externalizing one's thoughts},
   year = {1987}
}

@incollection{blanexpl,
   author = {D. S. Blank and L. A. Meeden and J. B. Marshall},
   address = hnj,
   booktitle = {The Symbolic and Connectionist Paradigms: Closing the Gap},
   chapter = {6},
   editor = {J. Dinsmore},
   publisher = lea,
   title = {Exploring the symbolic/subsymbolic continuum: a case
 study of {RAAM}},
   year = {1992},
   comments = "Rejects mechanisms as important to PDP/GOFAI debate as
                                                                                                                                                                                                                                                       irrelevant because of church-turing. Describes space of mecahnisms
                                                                                                                                                                                                                                                       along three dimnentions and talks of the GAP where more models are
                                                                                                                                                                                                                                                       likely to a fall.  At the moment most are in the corners.  Describes
                                                                                                                                                                                                                                                       expreiments with RAAM, including some interesting analysis
                                                                                                                                                                                                                                                       techniquies"
}

@book{marrviso,
   author = {D. Marr},
   address = sfca,
   publisher = fre,
   title = {Vision: A Computational Investigation into the Human Representation and Processing of Visual Information},
   year = {1982}
}

@techreport{tourbolt,
   author = {D. S. Touretzky},
   address = {Pittsburgh, PA},
   institution = {School of Computer Science, Carnegie
 Mellon University},
   number = {CMU-CS-89-182},
   title = {{BoltzCONS:} {Dynamic} Symbol Structures in a
 Connectionist Network},
   year = {1989}
}

@incollection{tourchun,
   author = {D. S. Touretzky},
   address = {School of Computer Science, Carnegie Mellon
 University, Pittsburgh, PA},
   booktitle = {Rules and Maps in Connectionist Symbol
 Processing},
   editor = {D. S. Touretzky},
   pages = {1--8},
   publisher = {Technical Report CMU-CS-89-158},
   title = {Chunking in a Connectionist Network},
   year = {1989}
}

@techreport{tourconn,
   author = {D. S. Touretzky},
   address = {Pittsburgh, PA},
   institution = {School of Computer Science, Carnegie Mellon
 University},
   number = {CMU-CS-89-147},
   title = {Connectionism and Compositional Semantics},
   year = {1989}
}

@incollection{tourtowa,
   author = {D. S. Touretzky},
   address = {School of Computer Science, Carnegie Mellon
 University, Pittsburgh, PA},
   booktitle = {Rules and Maps in Connectionist Symbol
 Processing},
   editor = {D. S. Touretzky},
   pages = {9--16},
   publisher = {Technical Report CMU-CS-89-158},
   title = {Towards a Connectionist Phonology: the ``Many Maps''
 Approach to Sequential Manipulation},
   year = {1989}
}

@incollection{tourcomp,
   author = {D. S. Touretzky and D. W. Wheeler},
   address = {School of Computer Science, Carnegie Mellon
 University, Pittsburgh, PA},
   booktitle = {Rules and Maps {II}: Recent Progress in
 Connectionist Symbol Processing},
   editor = {D. S. Touretzky and D. W. Wheeler and
 G. {Elvgren III}},
   pages = {1--16},
   publisher = {Technical Report CMU-CS-90-112},
   title = {A computational basis for phonology},
   year = {1990}
}

@incollection{tourrati,
   author = {D. S. Touretzky and D. W. Wheeler},
   address = {School of Computer Science, Carnegie Mellon
 University, Pittsburgh, PA},
   booktitle = {Rules and Maps {II}: Recent Progress in
 Connectionist Symbol Processing},
   editor = {D. S. Touretzky and D. W. Wheeler and
 G. {Elvgren III}},
   pages = {9--16},
   publisher = {Technical Report CMU-CS-90-112},
   title = {Rationale for a ``many maps'' phonology machine},
   year = {1990}
}

@incollection{tourtwo,
   author = {D. S. Touretzky and D. W. Wheeler},
   address = {School of Computer Science, Carnegie Mellon
 University, Pittsburgh, PA},
   booktitle = {Rules and Maps {III}: Further Progress in
 Connectionist Phonology},
   editor = {D. S. Touretzky and D. W. Wheeler and
 G. {Elvgren III}},
   pages = {1--15},
   publisher = {Technical Report CMU-CS-90-138},
   title = {Two derivations suffice: the role of syllabification in cognitive phonology},
   year = {1990}
}

@article{dcps,
   author = {D. S. Touretzky and G. E. Hinton},
   journal = {Cognitive Science},
   pages = {423--466},
   title = {A distributed connectionist production system},
   volume = {12},
   year = {1988}
}

@inproceedings{toursymb,
   author = {D. S. Touretzky and G. E. Hinton},
   booktitle = {Proceedings of the Ninth International Joint
 Conference on Artificial Intelligence},
   pages = {238--243},
   title = {Symbols among the neurons: details of a connectionist inference architecture},
   volume = {1},
   year = {1985}
}

@incollection{tourrule,
   author = {D. S. Touretzky and G. {Elvgren III}},
   address = {School of Computer Science, Carnegie Mellon
 University, Pittsburgh, PA},
   booktitle = {Rules and Maps {II}: Recent Progress in
 Connectionist Symbol Processing},
   editor = {D. S. Touretzky and D. W. Wheeler and
 G. {Elvgren III}},
   pages = {17--24},
   publisher = {Technical Report CMU-CS-90-112},
   title = {Rule representation in a connectionist chunker},
   year = {1990}
}

@incollection{tourphon,
   author = {D. S. Touretzky and G. {Elvgren III} and
 D. W. Wheeler},
   address = {School of Computer Science, Carnegie Mellon
 University, Pittsburgh, PA},
   booktitle = {Rules and Maps {III}: Further Progress in
 Connectionist Phonology},
   editor = {D. S. Touretzky and D. W. Wheeler and
 G. {Elvgren III}},
   pages = {33--40},
   publisher = {Technical Report CMU-CS-90-138},
   title = {Phonological rule induction: an architectural solution},
   year = {1990}
}

@inproceedings{tourdist,
   author = {D. S. Touretzky and S. Geva},
   booktitle = {Proceedings of the Ninth Annual Conference of the
 Cognitive Science Society},
   title = {A distributed connectionist representation for concept structures},
   year = {1987}
}

@techreport{servenco,
   author = {D. Servan-Schreiber and A. Cleeremans and J. L. McClelland},
   address = ppa,
   institution = cmu,
   number = {CMU-CS-88-183},
   title = {Encoding sequential structure in simple recurrent networks},
   year = {1988}
}

@article{servgrad,
   author = {D. Servan-Schreiber and A. Cleeremans and J. L.
 McClelland},
   journal = {Machine Learning},
   pages = {161--193},
   title = {Graded state machines: the representation of temporal contingencies in simple recurrent networks},
   volume = {7},
   year = {1991}
}

@techreport{neuroe,
   author = {D. T. Cliff},
   address = brighton,
   institution = cogs,
   number = {CSRP 162},
   title = {Computational neuroethology: a provisional manifesto},
   year = {1990}
}

@techreport{whitehouse3,
   author = {D. T. Cliff and L. J. Cahill},
   address = brighton,
   institution = cogs,
   number = {CSRP 172},
   title = {The Third White House Papers: Graduate
 Research in the Cognitive Sciences at Sussex},
   year = {1990}
}

@incollection{wheefrom,
   author = {D. W. Wheeler and D. S. Touretzky},
   address = {School of Computer Science, Carnegie Mellon
 University, Pittsburgh, PA},
   booktitle = {Rules and Maps {III}: Further Progress in
 Connectionist Phonology},
   editor = {D. S. Touretzky and D. W. Wheeler and
 G. {Elvgren III}},
   pages = {17--33},
   publisher = {Technical Report CMU-CS-90-138},
   title = {From syllables to stress: a cognitively plausible model},
   year = {1990}
}

@book{andenips,
   author = {D. Z. Anderson},
   address = ny,
   publisher = {American Institute of Physics},
   title = {Neural Information Processing Systems},
   year = {1985}
}

@inproceedings{zipssubg,
   author = {D. Zipser},
   address = smca,
   booktitle = {Advances in Neural Information Processing Systems},
   editor = {D. S. Touretzky},
   pages = {638--641},
   publisher = mkp,
   title = {Subgrouping reduces complexity and speeds up learning in
 recurrent networks},
   volume = {1},
   year = {1990},
   comments = "Compares BPTT, RTRL. RTRL is `computationally unpleasant'
                                                                                                                                                                                                                                                       p.640, hence subgrouped RTRL (passes error within groups).  On balancing
                                                                                                                                                                                                                                                       parenthesis task found that RTRL and sgRTRL succeeded 50 per cent of the
                                                                                                                                                                                                                                                       time, and BPTT 80 per cent. sgRTRL was
                                                                                                                                                                                                                                                       10 times faster than RTRL, and BPTT
                                                                                                                                                                                                                                                       was 28 times faster."
}

@techreport{bateconn,
   author = {E. A. Bates and J. L. Elman},
   address = ljca,
   institution = crl,
   note = {To appear in M. Johnson (Ed.) {\em Brain Development and
 Cognition: A Reader.} Oxford: Blackwell Publishers.},
   number = {CRL 9202},
   title = {Connectionism and the study of change},
   year = {1992},
   comment = "Identifies the importance of studying deleopment and comments on why symbolic AI is not suitable for this task, whereas connectionism is. Nature/Nuture/Emergence.  Worries about connectionism answered."
}

@article{gonzment,
   author = {E. G. Gonzalez and P. A. Kolers},
   journal = {Journal of Experimental Psychology: Learning, Memory, and
 Cognition},
   number = {4},
   pages = {308-319},
   title = {Mental manipulation of arithmetic symbols},
   volume = {8},
   year = {1982}
}

@article{staznetw,
   author = {E. H. Stazyk and M. H. Ashcraft and M. S. Hamann},
   journal = {Journal of Experimental Psychology: Learning, Memory, and
 Cognition},
   number = {4},
   pages = {320-335},
   title = {A network approach to mental multiplication},
   volume = {8},
   year = {1982}
}

@incollection{wenger:8,
   author = {E. Wenger},
   address = altos,
   booktitle = {Intelligence and Tutoring Systems: Computational and Cognitive Approaches to the Communication of Knowledge},
   chapter = {8},
   publisher = mkp,
   title = {Bugs in procedural skills: the ``buggy repair step'' story},
   year = {1987},
   comments = "Historical intro to bugs"
}

@article{pinegene,
   author = {F. J. Pineda},
   journal = {Physical Review Letters},
   number = {19},
   pages = {2229--2232},
   title = {Generalization of back-propagation to recurrent neural networks},
   volume = {59},
   year = {1987}
}

@article{restspee,
   author = {F. Restle},
   journal = {Journal of Experimental Psychology},
   number = {2},
   pages = {274-278},
   title = {Speed of adding and comparing numbers},
   volume = {83},
   year = {1970}
}

@misc{kohrperf,
   author = {G. A. Kohring},
   title = {Performance enhancement of Willshaw type networks through
 the use of limit cycles},
   year = {????}
}

@techreport{berglear,
   author = {G. Berg},
   address = {Albany, NY},
   institution = {Department of Computer Science, University at
 Albany, State University of New York},
   number = {91-5},
   title = {Learning recursive phrase structure: combining the strengths of \uppercase{PDP} and \uppercase{X}-bar syntax},
   year = {1991}
}

@inproceedings{hintlear,
   author = {G. E. Hinton},
   booktitle = {Proceedings of the Eight Annual Conference of the
 Cognitive Science Society},
   pages = {1--12},
   title = {Learning distributed representations of concepts},
   year = {1986}
}

@article{hintmapp,
   author = {G. E. Hinton},
   journal = {Artificial Intelligence},
   number = {1--2},
   pages = {47--76},
   title = {Mapping part-whole hierarchies into connectionist
 networks},
   volume = {46},
   year = {1990}
}

@article{hintpref,
   author = {G. E. Hinton},
   journal = {Artificial Intelligence},
   number = {1--2},
   pages = {1--3},
   title = {Preface to the special issue on connectionist symbol processing},
   volume = {46},
   year = {1990}
}

@misc{hintfast,
   author = {G. E. Hinton and D. C Plaut},
   howpublished = {Ninth Annual COG SCI},
   title = {Using fast weights to deblur old memories},
   year = {????}
}

@book{hintasso,
   author = {G. E. Hinton and J. A. Anderson},
   address = hnj,
   edition = {Updated},
   publisher = lea,
   title = {Parallel Models of Associative Memory},
   year = {1989}
}

@incollection{pdp:3,
   author = {G. E. Hinton and J. L. McClelland and D. E. Rumelhart},
   address = cma,
   booktitle = {Parallel Distributed Processing: Explorations in the
 Microstructure of Cognition},
   editor = {D. E. Rumelhart and J. L. McClelland and {The PDP
 Research Group}},
   publisher = mit,
   title = {Distributed representations},
   volume = {1: Foundations},
   year = {1986},
   btwchapter = "3"
}

@incollection{cottlear,
   author = {G. W. Cottrell and F. Tsung},
   address = hnj,
   booktitle = {Proceedings of the Eleventh Annual Conference of the
 Cognitive Science Society},
   pages = {58--65},
   publisher = lea,
   title = {Learning simple arithmetic procedures},
   year = {1989}
}

@techreport{austcomp,
   author = {H. Austin},
   institution = {Massachusetts Institute of Technology},
   number = {AI Memo 330},
   title = {A computational view of the skill of juggling},
   year = {1974}
}

@inproceedings{morahuma,
   author = {H. Moravec},
   booktitle = {Artificial Life},
   editor = {C. G. Langton},
   organization = {Volume VI of the Santa Fe Institute Studies in the
 Sciences of Complexity},
   pages = {167--199},
   publisher = adw,
   title = {Human culture: a genetic takeover underway},
   year = {1989}
}

@article{somptemp,
   author = {H. Sompolinsky and I. Kanter},
   journal = {Physical Review Letters},
   number = {22},
   pages = {2861--2864},
   title = {Temporal association in asymmetric neural networks},
   volume = {57},
   year = {1986}
}

@article{wainhow,
   author = {H. Wainer},
   journal = {The American Statistician},
   month = {May},
   number = {2},
   pages = {137--147},
   title = {How to display data badly},
   volume = {38},
   year = {1984}
}

@misc{hendcuri,
   author = {H. {Hendrick-Jansen}},
   howpublished = {This volume.},
   title = {The curious case of the horseshoe crab},
   year = {1992}
}

@book{andeneur,
   author = {J. A. Anderson and E. Rosenfeld},
   address = cma,
   publisher = mit,
   title = {Neurocomputing: Foundations for Research},
   year = {1988}
}

@techreport{andestud,
   author = {J. A. Anderson and K. T. Spoehr and D. J. Bennett},
   institution = {Department of Cognitive and Linguistic Sciences, Brown University},
   note = {To appear in Levine, D. S. and Aparicio, M. (eds) {\em
 Neural Networks for Knowledge Representation
 and Inference}, Lawrence Erlbaum Associates, Hillsdate, NJ.},
   number = {91--3},
   title = {A study of numerical perversity: teaching arithmetic to a neural network},
   year = {1991},
   addresss = "Providence, RI"
}

@incollection{andeexpe,
   author = {J. A. Anderson and M. L. Rossen and S. R. Viscuso and M. E. Sereno},
   address = cma,
   booktitle = {Neurocomputing 2: Directions For Research},
   chapter = {14},
   editor = {J. A. Anderson and A. Pellionisz and E. Rosenfeld},
   note = {First published in H. Haken and M. Stadler (Eds.) {\em
 Synergetics of Cognition}, Springer, Berlin.},
   pages = {704--716},
   publisher = mit,
   title = {Experiments with representation in neural networks: object motion, speech, and arithmetic (\uppercase{I}ncluding introduction by \uppercase{A}nderson)},
   year = {1990},
   bookyear = "1990"
}

@article{hendneed,
   author = {J. A. Hendler},
   journal = {Connection Science},
   number = {3},
   pages = {227--229},
   title = {Editorial: on the need for hybrid systems},
   volume = {1},
   year = {1989}
}

@book{slobcogn,
   author = {J. A. Sloboda and D. Rogers},
   address = {Oxford},
   publisher = {Clarendon Press},
   title = {Cognitive Processes in Mathematics},
   year = {1987}
}

@inproceedings{pollcasc,
   author = {J. B. Pollack},
   booktitle = {Proceedings of the Ninth Annual Conference of the
 Cognitive Science Society},
   pages = {391--404},
   title = {Cascaded back-propagation on dynamic connectionist networks},
   year = {1987}
}

@incollection{pollimpl,
   author = {J. B. Pollack},
   address = smca,
   booktitle = {Advances in Neural Information Processing Systems},
   editor = {D. S. Touretzkey},
   publisher = mkp,
   title = {Implications of recursive distributed representations},
   volume = {1},
   year = {1989},
   page = "527--536"
}

@techreport{pollrdr,
   author = {J. B. Pollack},
   institution = {Ohio State University},
   note = {Published in {\em Artificial Intelligence}, {\em
 46}(1--2):77--106},
   title = {Recursive Distributed Representations},
   year = {1989}
}

@article{cornet,
   author = {J. Cornet and X. Seron and G. Deloche and G. Lories},
   journal = {Cahiers de Psychologie Cognitive},
   number = {6},
   pages = {551--571},
   title = {Cognitive Models of Simple Mental Arithmetic: a Critical
 Review},
   volume = {8},
   year = {1988}
}

@article{mcstroop,
   author = {J. D. Cohen and K. Dunbar and J. L. McClelland},
   journal = {Psychological Review},
   number = {3},
   pages = {332--361},
   title = {On the control of automatic processes: a parallel distributed processing account of the \uppercase{S}troop effect},
   volume = {97},
   year = {1990}
}

@techreport{soar,
   author = {J. E. Laird and A. Newell and P. S. Rosenbloom},
   address = {Stanford, CA},
   institution = {Department of Computer Science, Stanford
 University},
   number = {STAN-CS-86-1140},
   title = {Soar: an architecure for general intelligence},
   year = {1986}
}

@techreport{koleback,
   author = {J. F. Kolen and J. B. Pollack},
   address = {Columbus, OH},
   institution = {Laboratory for Artificial Intelligence Research,
 Computer and Information Science Department, The Ohio State
 University},
   number = {90-JK-BPSIC},
   title = {Back propagation is sensitive to initial conditions},
   year = {1990}
}

@misc{kolemult,
   author = {J. F. Kolen and J. B. Pollack},
   howpublished = {To Appear in {\em Proceedings of the Thirteenth Annual
 Conference of the Cognitive Science Society}},
   title = {Multiassociative Memory},
   year = {1991},
   comments = "Using a recurrent network to map one input into many
                                                                                                                                                                                                                                                       outputs (one per time step)."
}

@article{winkasso,
   author = {J. H. Winkerlman and J. Schmidt},
   journal = {Journal of Experimental Psychology},
   number = {4},
   pages = {734--736},
   title = {Associative confusions in mental arithmetic},
   volume = {102},
   year = {1974},
   comments = "Support of associative network for addition and
                                                                                                                                                                                                                                                       multiplication.  Small sample (6 Ss, 20 problems) but rejects and model
                                                                                                                                                                                                                                                       bases soley on internal counting.  Associative confusions are slower and
                                                                                                                                                                                                                                                       errors are mainly from confusions."
}

@article{campnetw,
   author = {J. I. D. Campbell},
   journal = {Journal of Experimental Psychology: Learning, Memory, and
 Cognition},
   pages = {109-123},
   title = {Network interference and mental multiplication},
   volume = {13},
   year = {1987}
}

@article{campprod,
   author = {J. I. D. Campbell},
   journal = {Memory and Cognition},
   number = {4},
   pages = {349-364},
   title = {Production, verification, and priming of multiplication
 facts},
   volume = {15},
   year = {1987}
}

@article{campretr,
   author = {J. I. D. Campbell},
   journal = {Canadian Journal of Psychology},
   number = {4},
   pages = {445--464},
   title = {Retrieval Inhibition and Interference in Cognitive
 Arithmetic},
   volume = {44},
   year = {1990}
}

@incollection{camprole,
   author = {J. I. D. Campbell},
   address = {Oxford},
   booktitle = {Cognitive Processes in Mathematics},
   editor = {J. A. Sloboda and D. Rogers},
   pages = {107--122},
   publisher = {Clarendon Press},
   title = {The Role of Associative Interference in Learning and
 Retrieving Arithmetic facts},
   year = {1987},
   comments = "Explanation of how the arithmecon's use of associative
                                                                                                                                                                                                                                                       interference explains the problem-size effect and it's exceptions.
                                                                                                                                                                                                                                                       Just for multiplication."
}

@article{camp85,
   author = {J. I. D. Campbell and D. J. Graham},
   journal = {Canadian Journal of Psychology},
   number = {2},
   pages = {338--366},
   title = {Mental multiplication skill: structure, process, and acquisition},
   volume = {39},
   year = {1985}
}

@article{campenco,
   author = {J. I. D. Campbell and J. M. Clark},
   journal = jep:g,
   number = {2},
   pages = {204-214},
   title = {An encoding-complex view of Cognitive Number Processing:
 Comment on McCloskey, Sokol, and Goodman (1986)},
   volume = {117},
   year = {1988}
}

@article{bharmode,
   author = {J. J. Bharucha and P. Todd},
   journal = cmj,
   number = {4},
   pages = {44--53},
   title = {Modeling the Perception of Tonal Structure with Neural
 Nets},
   volume = {13},
   year = {1989}
}

@incollection{hopf82,
   author = {J. J. Hopfield},
   address = cma,
   booktitle = {Neurocomputing: Foundations for Research},
   chapter = {27},
   editor = {J. A. Anderson and E. Rosenfeld},
   note = {First published {\em Proceedings of the National Academy
 of Sciences USA} {\bf 79}:2554--2558},
   pages = {460--464},
   publisher = mit,
   title = {Neural Networks and Physical Systems with Emergent
 Collective Computational Abilities},
   year = {1982},
   bookyear = "1989"
}

@incollection{hopf84,
   author = {J. J. Hopfield},
   address = cma,
   booktitle = {Neurocomputing: Foundations for Research},
   chapter = {35},
   editor = {J. A. Anderson and E. Rosenfeld},
   note = {First published {\em Proceedings of the National Academy
 of Sciences USA} {\bf 81}:3088--3092},
   pages = {579--583},
   publisher = mit,
   title = {Neurons with Graded Response have Collective
 Computational Properties like those of Two-State Neurons},
   year = {1984},
   bookyear = "1989"
}

@techreport{elmafind,
   author = {J. L. Elman},
   address = ljca,
   institution = crl,
   number = { CRL-8801},
   title = {Finding Structure in Time},
   year = {1988}
}

@techreport{elmaincr,
   author = {J. L. Elman},
   address = ljca,
   institution = crl,
   number = {CRL 9101},
   title = {Incremental Learning, or {T}he Importance of Starting
 Small},
   year = {1991},
   comments = "sometimes you cannot learn a training set unless it is
                                                                                                                                                                                                                                                       presented incrementally, or more realistically, the network is limited
                                                                                                                                                                                                                                                       and then grows. Only true when input has structure and early
                                                                                                                                                                                                                                                       information contains generalizations.  Memory limitations act as a
                                                                                                                                                                                                                                                       filter on the input allowing the net to focus on a subset."
}

@techreport{elmarepr,
   author = {J. L. Elman},
   address = ljca,
   institution = crl,
   number = {CRL 8903},
   title = {Representation and structure in connectionist models},
   year = {1989}
}

@incollection{mcclpara,
   author = {J. L. McClelland},
   address = {Oxford},
   booktitle = {Parallel Distributed Processing: Implications for Psychology and Neurobiology},
   editor = {R. G. M. Morris},
   publisher = {Clarendon Press},
   title = {Parallel distributed processing: implications for cognition and development},
   year = {1990},
   comments = "qz1000par  A connectionist model of the beam balance
                                                                                                                                                                                                                                                       seriation task."
}

@article{mccascade,
   author = {J. L. McClelland},
   journal = {Psychological Review},
   number = {4},
   pages = {287--330},
   title = {On the Time Relations of Mental Processes: an
 Examination of Systems of Processes in Cascade},
   volume = {86},
   year = {1979},
   comments = "discrete vs cascade; general assumptions; response based on
                                                                                                                                                                                                                                                       time limiting (threshold)"
}

@incollection{pdp:19,
   author = {J. L. McClelland and A. H. Kawamoto},
   address = cma,
   booktitle = {Parallel Distributed Processing: Explorations in the
 Microstructure of Cognition},
   editor = {D. E. Rumelhart and J. L. McClelland and {The PDP
 Research Group}},
   publisher = mit,
   title = {Mechanisms of sentence processing: assigning roles to
 constituents},
   volume = {2: Psychological and biological models},
   year = {1986},
   btwchapter = "19"
}

@book{pdp3,
   author = {J. L. McClelland and D. E. Rumelhart},
   address = cma,
   publisher = mit,
   title = {Explorations in Parallel Distributed Processing: A
 Handbook of Models, Programs, and Exercises},
   year = {1988}
}

@incollection{pdp:17,
   author = {J. L. McClelland and D. E. Rumelhart},
   address = cma,
   booktitle = {Parallel Distributed Processing: Explorations in the
 Microstructure of Cognition},
   editor = {D. E. Rumelhart and J. L. McClelland and {The PDP
 Research Group}},
   pages = {170--215},
   publisher = mit,
   title = {A Distributed Model of Human Learning and Memory},
   volume = {2: Psychological and biological models},
   year = {1986},
   btwchapter = "17"
}

@book{pdp2,
   author = {J. L. McClelland and D. E. Rumelhart and {The PDP
 Research Group}},
   address = cma,
   publisher = mit,
   title = {Parallel Distributed Processing: Explorations in the
 Microstructure of Cognition},
   volume = {2},
   year = {1986}
}

@inproceedings{pollrecu,
   author = {J. Pollack},
   booktitle = {Proceedings of the Tenth Annual Conference of the
 Cognitive Science Society},
   pages = {33--39},
   title = {Recursive Auto-Associative Memory: devising Computational
 Distributed Representations},
   year = {1988}
}

@book{andeadap,
   author = {J. R. Anderson},
   address = hnj,
   publisher = lea,
   title = {The Adaptive Character of Thought},
   year = {1990}
}

@book{andearch,
   author = {J. R. Anderson},
   address = cma,
   publisher = {Harvard University Press},
   title = {The Architecture of Cognition},
   year = {1983}
}

@book{andecogn,
   author = {J. R. Anderson},
   address = ny,
   edition = {Second},
   publisher = fre,
   title = {Cognitive Psychology and its Implications},
   year = {1985}
}

@article{andemeth,
   author = {J. R. Anderson},
   journal = bbs,
   pages = {467--505},
   title = {Methodologies for Studying Human Knowledge},
   volume = {10},
   year = {1987},
   comments = "Importance of algorithmic level; protocol analysis;
                                                                                                                                                                                                                                                       connectionism as implementation; replies by Smolensky and Touretzky"
}

@article{repair,
   author = {J. S. Brown and K. {VanLehn}},
   journal = {Cognitive Science},
   pages = {379--426},
   title = {Repair Theory: a Generative Theory of Bugs in
 Procedural Knowledge},
   volume = {4},
   year = {1980}
}

@article{buggy,
   author = {J. S. Brown and R. R. Burton},
   journal = {Cognitive Science},
   pages = {155--192},
   title = {Diagnostic Models for Procedural Bugs in Basic Mathematical
 Skills},
   volume = {2},
   year = {1978}
}

@article{trivmult,
   author = {J. Trivett},
   journal = {For the Learning of Mathematics},
   pages = {21--25},
   title = {The multiplication table: to be memorized or mastered?},
   volume = {1},
   year = {1980}
}

@article{pellinfo,
   author = {J. W. Pellegrino and S. R. Goldman},
   journal = {Journal of Learning Disabilities},
   number = {1},
   title = {Information Processing and Elementary Mathematics},
   volume = {20},
   year = {1987},
   comments = "Covers Ashcrofts network model for fact retrieval;
                                                                                                                                                                                                                                                       Subtraction bugs; and word problems. Supports the need for syntactic
                                                                                                                                                                                                                                                       knowledge only, and describes the stages of subtraction acquisition"
}

@techreport{yangexpe,
   author = {J. Yang and V. Honavar},
   address = {Ames, IA},
   institution = {Department of Computer Science, Iowa State
 University},
   number = {91-16},
   title = {Experiments with the cascade-correlation algorithm},
   year = {1991}
}

@article{millcogn,
   author = {K. Miller and M. Permutter and D. Keating},
   journal = {Journal of Experimental Psychology},
   number = {1},
   pages = {46--60},
   title = {Cognitive arithmetic: comparison of operations},
   volume = {10},
   year = {1984},
   comments = "Presents evidence that the network approach is best suited
                                                                                                                                                                                                                                                       to the findings that multiplication and addition appear to share processes.
                                                                                                                                                                                                                                                       First to report that the ties effect is smaller RT slope, rather than a
                                                                                                                                                                                                                                                       constant RT"
}

@article{plunconn,
   author = {K. Plunkett and C. Sinha},
   journal = {Psykologisk Skriftserie Aarhus},
   number = {1},
   title = {Connectionism and developmental theory},
   volume = {16},
   year = {1991}
}

@techreport{plunpatt,
   author = {K. Plunkett and V. A. Marchman},
   address = ljca,
   institution = crl,
   number = {8092},
   title = {Pattern association in a back propagation network: implications
for child language acquisition},
   year = {1989}
}

@techreport{plunfrom,
   author = {K. Plunkett and V. A. Marchman},
   address = ljca,
   institution = crl,
   number = {9020},
   title = {From rote learning to system building},
   year = {1990}
}

@techreport{marclang,
   author = {V. A. Marchman},
   address = ljca,
   institution = crl,
   number = {9201},
   title = {Language learning in children and neural networks: plasticity,
capacity and the critical period},
   year = {1992}
}

@incollection{lashprob,
   author = {K. S. Lashley},
   address = ny,
   booktitle = {Cerebral Mechanisms in Behavior: The Hixon
 Symposium},
   editor = {L. Jeffress},
   pages = {112--136},
   publisher = jws,
   title = {The Problem of Serial Order in Behavior},
   year = {1951}
}

@inproceedings{saitmedi,
   author = {K. Saito and R. Nakano},
   booktitle = {Proceedings of the {IEEE} International Conference
 on Neural Networks},
   title = {Medical Diagnostic Expert System Based on {PDP}
 Model},
   year = {1988}
}

@techreport{vanlbugs,
   author = {K. VanLehn},
   address = {Palo Alto, CA.},
   institution = {Cognitive and Instructional Sciences Group, Xerox Palo Alto Research Center},
   number = {\uppercase{CIS}-11},
   title = {Bugs are not enough: empirical studies of bugs, impasses and repairs in procedural skills},
   year = {1981}
}

@book{mindbugs,
   author = {K. {VanLehn}},
   address = cma,
   publisher = mit,
   title = {Mind Bugs: The Origins of Procedural Misconceptions},
   year = {1990}
}

@techreport{vanlfeli,
   author = {K. {VanLehn}},
   address = {Palo Alto, CA},
   institution = {Cognitive and Instructional Sciences Group, Xerox Palo Alto Research Center},
   number = {\uppercase{CIS}-21},
   title = {Felicity conditions for human skill acquisition: validating an \uppercase{AI}-based theory},
   year = {1983}
}

@incollection{vanltwo,
   author = {K. {VanLehn}},
   booktitle = {Advanced Research on Computers in Education},
   editor = {R. Lewis and S. Otsuki},
   pages = {17--26},
   publisher = {Elsevier Science Publishers},
   title = {Two pseudo-students: applications of machine learning
 to formative evaluation},
   year = {1991},
   comments = "Idea to build simulators for testing the design of
                                                                                                                                                                                                                                                       instructional material just like electronic testing simulators.  I.e.,
                                                                                                                                                                                                                                                       build pseudo-students and monitor what they learn. Sierra and Cascade
                                                                                                                                                                                                                                                       models."
}

@book{resnpsyc,
   author = {L. B. Resnick and W. W. Ford},
   address = hnj,
   publisher = lea,
   title = {The Psychology of Mathematics for Instruction},
   year = {1982}
}

@incollection{resndeve,
   author = {L. B. Resnick},
   address = ny,
   booktitle = {The Development of Mathematical Thinking},
   chapter = {3},
   editor = {H. P. Ginsburg},
   publisher = api,
   title = {A developmental Theory of Number Understanding},
   year = {1983}
}

@article{kruewhy,
   author = {L. E. Krueger},
   journal = {Memory and Cognition},
   number = {2},
   pages = {141-149},
   title = {Why $2\times2=5$ looks so wrong: on the odd-even rule in
 product verification},
   volume = {14},
   year = {1986}
}

@article{aikeresp,
   author = {L. R. Aiken and E. N. Williams},
   journal = {Perceptual and Motor Skills},
   pages = {3--13},
   title = {Response Times in Adding and Multiplying Single-digit
 Numbers},
   volume = {37},
   year = {1973},
   comments = "Remarkably inconclusive paper.  Supports MIN model and
                                                                                                                                                                                                                                                       provides some data for both addition and multiplication.  No separation
                                                                                                                                                                                                                                                       between retrieval and reconstruction trials"
}

@techreport{shassimp,
   author = {L. Shastri and V. Ajjanagadde},
   address = {Philadelphia, PA 19104},
   institution = {Department of Computer and Information Science,
 School of Engineering and Applied Science, University of
 Pennsylvania},
   number = {MS-CIS-90-05},
   title = {From Simple Associations to Systematic Reasoning: a
 Connectionist Representation of Rules, Variables and Dynamic
 Bindings},
   year = {1990}
}

@book{bodecomp,
   author = {M. A. Boden},
   address = cuk,
   publisher = cup,
   title = {Computer Models of Mind},
   year = {1988}
}

@article{attiexpe,
   author = {M.  G. Attisha and M. Yazdani},
   journal = {Instructional Science},
   pages = {79--92},
   title = {An Expert System for Diagnosing Children's Multiplication
 Errors},
   volume = {13},
   year = {1984}
}

@article{coxdiag,
   author = {L. S. Cox},
   journal = {The Arithmetic Teacher},
   pages = {151-157},
   title = {Diagnosing and remediating systematic errors in addition and subtraction computations},
   volume = {22},
   year = {1975}
}

@techreport{coxanal,
   author = {L..S. Cox},
   address = {Kansas City,  KA},
   institution = {Kansas University Medical Center},
   number = {ED 092 407},
   title = {Analysis, classification, and frequency of systematic error computational patterns in the addition, subtraction, multiplication, and division vertical algorithms for grades 2--6 and special education classes},
   year = {1974}
}

@book{buswdiag,
   author = {G. T. Buswell},
   address = {Chicago, IL},
   publisher = {University of Chicago Press},
   title = {Diagnostic Studies in Arithmetic},
   year = {1926}
}

@techreport{mozefocu,
   author = {M. C. Mozer},
   institution = {University of Toronto},
   number = {CRG-TR-88-3},
   title = {A Focused Back-Propagation Algorithm for Temporal Pattern
 Recognition},
   year = {1988}
}

@inproceedings{dertdist,
   author = {M. Derthick and D. C Plaut},
   booktitle = {Proceedings of the Eighth Annual Conference of the
 Cognitive Science Society},
   pages = {639--644},
   title = {Is Distributed Connectionism Compatable with the Physical
 Symbolic System Hypothesis?},
   year = {1986}
}

@article{gutkappr,
   author = {M. Gutknecht and R. Pfeifer},
   journal = {{AI} Communications},
   number = {3},
   pages = {116--127},
   title = {An Approach to Integrating Expert Systems with
 Connectionist Networks},
   volume = {3},
   year = {1990},
   comments = "Patchy discussion of pros/cons of pdp/es systems;
                                                                                                                                                                                                                                                       short review of lit;  model of high-school physics;
                                                                                                                                                                                                                                                       bp net trained to suggest subgoals to es"
}

@article{ashcdeve,
   author = {M. H. Ashcraft},
   journal = {Developmental Review},
   pages = {213--236},
   title = {The Development of Mental Arithmetic: a Chronometric
 Approach},
   volume = {2},
   year = {1982},
   comments = "First suggestion that procedureal knowledge is replaced
                                                                                                                                                                                                                                                       with network representation.  Discussion of chronometric methods. Suggests
                                                                                                                                                                                                                                                       that theere is a network for many operations, not just addition.  Points to
                                                                                                                                                                                                                                                       3rd grad as change between procedural/declaritive."
}

@incollection{ashcchil,
   author = {M. H. Ashcraft},
   address = ny,
   booktitle = {Formal Methods in Developmental Psychology},
   chapter = {9},
   editor = {J. Bisanz and C. J. Brainerd and R. Kail},
   pages = {302--338},
   publisher = spv,
   title = {Children's knowledge of simple arithmetic: a developmental model and simulation},
   year = {1987}
}

@article{ashcment,
   author = {M. H. Ashcraft and E. H. Stazyk},
   journal = {Memory and Cognition},
   number = {2},
   pages = {185-196},
   title = {Mental addition: a test of three verification models},
   volume = {9},
   year = {1981}
}

@inproceedings{jordattr,
   author = {M. Jordan},
   booktitle = {Proceedings of the Eight Annual Conference of the
 Cognitive Science Society},
   pages = {531--545},
   title = {Attractor dynamics and parallelism in a connectionist sequential machine},
   year = {1986}
}

@book{minsperc,
   author = {M. L. Minsky and S. A. Papert},
   address = cma,
   edition = {Expanded},
   publisher = mit,
   title = {Perceptrons: An Introduction to Computational Geometry},
   year = {1988}
}

@techreport{dennanal,
   author = {S. Dennis and S. Phillips},
   address = {Australia},
   institution = {University of Queensland},
   title = {Analysis tools for neural networks},
   year = {1991}
}

@article{mcclnetw,
   author = {M. McCloskey},
   journal = {Psychological Science},
   month = nov,
   number = {6},
   pages = {387--395},
   title = {Networks and theories: the place of connectionism in cognitive science},
   volume = {2},
   year = {1991}
}

@article{mcclcogn,
   author = {M. McCloskey and A. Caramazza},
   journal = {Brain and Cognition},
   pages = {171--196},
   title = {Cognitive mechanisms in number processing and
 calculation: evidence from dyscalculia},
   volume = {4},
   year = {1985}
}

@incollection{mcclmath,
   author = {M. McCloskey and A. M. Lindermann},
   booktitle = {The Nature and Origins of Mathematical Skills},
   editor = {J. I. D. Campbell},
   publisher = esp,
   title = {\uppercase{MATHNET}: \uppercase{P}reliminary results from a distributed model of arithmetic fact retrieval},
   year = {1992}
}

@article{mcclfact,
   author = {M. McCloskey and D. Aliminosa and S. M. Sokol},
   journal = {Brain and Cognition},
   pages = {154--203},
   title = {Facts, Rules, and Procedures in Normal Calculation: evidence from Multiple Single-Patient Studies of Impared Arithmetic Fact Retrieval},
   volume = {17},
   year = {1991}
}

@article{mcclmode,
   author = {M. McCloskey and W. Harley and S. M. Sokol},
   journal = {Journal of Experimental Psychology: Learning, Memory, and
 Cognition},
   number = {3},
   pages = {377--397},
   title = {Models of Arithmetic Fact Retrieval: an Evaluation in Light of Findings from Normal and Brain-Damaged Subjects},
   volume = {17},
   year = {1991},
   comments = "Critical overview of the models of Ashcraft, Sigler,
                                                                                                                                                                                                                                                       Campbell & Graham."
}

@techreport{oaksconn,
   author = {M. Oaksford  and N. Chater and K. Stenning},
   address = {UK},
   institution = {Centre for Cognitive Science, University of Edinburgh},
   month = apr,
   number = {\uppercase{EUCCS/RP-29}
},
   title = {Connectionism, Classical Cognitive Science and Experimental Psychology},
   year = {1989},
   comments = "Notes (p. 2) that connectionists believe that the primitives of cognition depend on the implementation and the processes which can be postulated depend on these primitives.  Compare classical AI and the findings from psychology. Find that classical AI seems in opposition to psycholog
                                                                                                                                             .   Also comment that error experiments are important to psychology (and not irrelevant as Fodor and Pylyshyn suppose)."
}

@techreport{stjolear,
   author = {M. {St. John} and J. L. McClelland},
   address = ppa,
   institution = cmu,
   number = {CMU-AIP-39},
   title = {Learning and Applying Contextual Constraints in Sentence
 Comprehension},
   year = {1988}
}

@inproceedings{cottfixe,
   author = {N. E. Cotter and P. R. Conwell},
   booktitle = {International Joint Conference on Neural Networks},
   title = {Fixed-weight networks can learn},
   year = {1990}
}

@incollection{sharnl,
   author = {N. E. Sharkey},
   address = {London},
   booktitle = {Neural Computing Architectures: The Design of
 Brain-Like Machines},
   chapter = {6},
   editor = {I. Aleksander},
   pages = {92--116},
   publisher = {North Oxford Academic},
   title = {A {PDP} learning approach to natural language
 understanding},
   year = {1989}
}

@article{zbroauto,
   author = {N. J. Zbrodoff and G. D. Logan},
   journal = jep:g,
   number = {2},
   pages = {118--130},
   title = {On the autonomy of mental processes: \uppercase{A} case study
 of arithmetic},
   volume = {115},
   year = {1986},
   comments = "Defines atnonmous and automatic processes, and offers
                                                                                                                                                                                                                                                       support to a scale of autonomy.  Arithmetic seems to be partially
                                                                                                                                                                                                                                                       autonomous, supporting an ``atomic'' direct associative model."
}

@techreport{brouvirt,
   author = {O. Brousse and P. Smolensky},
   address = {Boulder, CO},
   institution = {Department of Computer Science, University of
 Colorado and Boulder},
   number = {CU-CS-431-89},
   title = {Virtual memories and massive generalization in
 connectionist combinatorial learning},
   year = {1989}
}

@article{svenmemo,
   author = {O. Svenson},
   journal = {Acta Psychologica},
   pages = {285--304},
   title = {Memory Retrieval of Answers of Simple Additions as Reflected
 in Response Latencies},
   volume = {59},
   year = {1985},
   comments = "Using S's verbal categorization of solution strategy
                                                                                                                                                                                                                                                       (retrieval or reconstruction) author found that the using a min, sum or
                                                                                                                                                                                                                                                       sum-sqr models cound not account for a number of problem types.  Suggested
                                                                                                                                                                                                                                                       a process model involving a number of primitive operations, including a
                                                                                                                                                                                                                                                       two-step unconscious counting algorithm."
}

@article{bothwhy,
   author = {P. Botham and I. Purchase},
   journal = {New Scientist},
   number = {1819},
   pages = {29--30},
   title = {Why laboratory rats are here to stay},
   volume = {134},
   year = {1992}
}

@article{pirobook,
   author = {P. Pirolli},
   journal = {Artificial Intelligence},
   pages = {329--340},
   title = {Book Review: \uppercase{M}ind bugs},
   volume = {52},
   year = {1991}
}

@incollection{churneur,
   author = {P. S. Churchland and T. J. Sejnowski},
   address = cma,
   booktitle = {Neural Connections, Mental Computation},
   chapter = {1},
   editor = {L. Nadel and L. A. Copper and P. Culicover
 and R. M. Harnish},
   pages = {15--48},
   publisher = mit,
   title = {Neural representation and Neural computation},
   year = {1989}
}

@incollection{pdp:6,
   author = {P. Smolensky},
   address = cma,
   booktitle = {Parallel Distributed Processing: Explorations in the
 Microstructure of Cognition},
   editor = {D. E. Rumelhart and J. L. McClelland and {The PDP
 Research Group}},
   publisher = mit,
   title = {Information processing in dynamic systems: foundations of
 harmony theory},
   volume = {1: Foundations},
   year = {1986},
   btwchapter = "6"
}

@incollection{pdp:7,
   author = {G. E. Hinton and T. J. Sejnowski},
   address = cma,
   booktitle = {Parallel Distributed Processing: Explorations in the
 Microstructure of Cognition},
   chapter = {7},
   editor = {D. E. Rumelhart and J. L. McClelland and {The PDP
 Research Group}},
   publisher = mit,
   title = {Learning and relearning in \uppercase{B}oltzmann machines},
   volume = {1: Foundations},
   year = {1986},
   btwchapter = "6"
}

@article{ptc,
   author = {P. Smolensky},
   journal = bbs,
   pages = {1--74},
   title = {On the proper treatment of connectionism},
   volume = {11},
   year = {1988}
}

@inproceedings{smolon,
   author = {P. Smolensky},
   booktitle = {Proceedings of the Ninth Annual Conference of the
 Cognitive Science Society},
   pages = {187--194},
   title = {On the connectionist reduction of conscious rule
 interpretation},
   year = {1987}
}

@article{suppprob,
   author = {P. Suppes},
   journal = bbs,
   note = {Commentry on \citeA{hanswhat}.},
   pages = {507--508},
   title = {Problems of extension, representation, and computational irreducibility},
   volume = {13},
   year = {1990}
}

@article{groechron,
   author = {G. J. Groen and J. R. Parkman},
   journal = {Psychological Review},
   number = {4},
   pages = {329--343},
   title = {A chronometric analysis of simple addition},
   volume = {79},
   year = {1972},
   annote = {This paper is not in my collection}
}

@article{suppproc,
   author = {P. Suppes and M. Cohen and R. Laddaga and J. Anliker and R.
 Floyd},
   journal = {Journal of Mathematical Psychology},
   pages = {341--369},
   title = {A procedural theory of eye movements in doing arithmetic},
   volume = {27},
   year = {1983},
   comments = "Describes FSM for addition (and subtraction) and reports
                                                                                                                                                                                                                                                       results from eye tracking experiments, where it was found that
                                                                                                                                                                                                                                                       Ss follow the algorithm for addition (and subtraction) that
                                                                                                                                                                                                                                                       they were taught at school"
}

@inproceedings{toddsequ,
   author = {P. Todd},
   address = smca,
   booktitle = {Proceedings of the 1988 Connectionist
 Models Summer School},
   editor = {D. Touretzky and G. Hinton and T. Sejnowski},
   organization = {Carnegie Mellon University},
   pages = {76--84},
   publisher = mkp,
   title = {A Sequential Network Design for Musical Applications},
   year = {1988}
}

@inproceedings{yangbuil,
   author = {Q. Yang and V. K. Bhargava},
   address = {San Diego, CA},
   booktitle = {International Joint Conference on Neural Networks},
   pages = {77--82},
   title = {Building Expert Systems by a Modified Perceptron
 Network with Rule-transfer Algorithm},
   volume = {2},
   year = {1990},
   publishers = "{IEEE} Neural Network Council"
}

@techreport{jacotask,
   author = {R. A. Jacobs},
   address = {Amherst, MA 01003},
   institution = {Department of Computer and Information Science,
 University of Maccachusetts},
   number = {COINS 90-44},
   title = {Task Decomposition Through Competition in a Modular
 Connectionist Architecture},
   year = {1990}
}

@inproceedings{alleadap,
   author = {R. B. Allen},
   booktitle = {Proceedings of the ACM Computer Science Conference},
   pages = {428},
   title = {Adaptive Training for Connectionist State Machines},
   year = {1989}
}

@techreport{alleconn,
   author = {R. B. Allen},
   address = {Morristown, NJ},
   institution = {Bellcore},
   number = {ARA 88-300},
   title = {Connectionist State Machines},
   year = {1988}
}

@inproceedings{allesequ,
   author = {R. B. Allen},
   booktitle = {Proceedings of the Cognitive Science Society},
   pages = {489--495},
   title = {Sequential Connectionist Networks for Answering Simple
 Questions and a Microworld},
   year = {1988}
}

@inproceedings{alleseve,
   author = {R. B. Allen},
   booktitle = {Proceedings of the International Conference on Neural
 Networks},
   pages = {335--341},
   title = {Several studies on natural language with
 back-propagation},
   volume = {2},
   year = {1987}
}

@article{clues,
   author = {R. B. Allen},
   journal = {Connection Science},
   number = {4},
   pages = {279--311},
   title = {Connectionist Language Users},
   volume = {2},
   year = {1990}
}

@inproceedings{alleinde,
   author = {R. B. Allen and S. M. Kaufman},
   booktitle = {Proceedings of the First IEE International Conference
 on Artificial Neural Networks},
   pages = {284--286},
   title = {Indentifying and Discriminating Temporal Events with
 Connectionist Language Users},
   year = {1989}
}

@misc{hadlconn,
   author = {R. F. Hadley},
   howpublished = {To appear {\em Proceedings of the American Association for
 Artificial Intelligence}, Boston, August 1990},
   title = {Connectionism, Rule Following, and Symbolic
 Manipulation},
   year = {1990}
}

@misc{portrepr,
   author = {R. F. Port and T. {van Gelder}},
   howpublished = {To Appear in {\em Proceedings of the Thirteenth Annual
 Conference of the Cognitive Science Society}},
   title = {Representing Aspects of Language},
   year = {1991}
}

@techreport{vangwhat,
   author = {T. van Gelder},
   address = {Bloomington, IN},
   institution = {Cognitive Science Program, Indiana University},
   number = {75},
   title = {What might cognition be if not computation?},
   year = {1992}
}

@article{nicodesi,
   author = {R. I. Nicolson},
   journal = {Interactive Learning Environments},
   number = {4},
   pages = {265--287},
   title = {Design and Evaluation of the \uppercase{SUMIT} Intelligent
 Teaching Assistant for Arithmetic},
   volume = {1},
   year = {1990},
   comments = "Small number of bugs found for addition and multiplication;
                                                                                                                                                                                                                                                       plenty for subtraction and division"
}

@article{willexpe,
   author = {R. J. Williams and D.  Zipser},
   journal = {Connection Science},
   number = {1},
   pages = {87-111},
   title = {Experimental Analysis of the Real-Time Recurrent Learning
 Algorithm},
   volume = {1},
   year = {1989}
}

@techreport{frenusin,
   author = {R. M. French},
   address = {Bloomington, IN},
   institution = {Center for Research on Concepts and Cognition, Indiana Universitys},
   number = {CRCC 51-1991},
   title = {Using Semi-Distributed Representations to Overcome Catastrophic Forgetting in Connectionist Networks},
   year = {1991},
   comments = "BP's inability to retain old information when
                                                                                                                                                                                                                                                       trainined on new is a result of overlap in distributed
                                                                                                                                                                                                                                                       representations. Catastrophic forgetting can be reduced by reducing
                                                                                                                                                                                                                                                       the distributed-ness of the representations, and a mechanism called
                                                                                                                                                                                                                                                       `activation sharpening' sharpening"
}

@inproceedings{younprod,
   author = {R. M. Young},
   booktitle = {Proceedings of the AISB Summer Conference},
   title = {Production Systems as Models of Cognitive Development},
   year = {1974}
}

@article{younerro,
   author = {R. M. Young and T. O'Shea},
   journal = {Cognitive Science},
   pages = {153--177},
   title = {Errors in Children's Subtraction},
   volume = {5},
   year = {1981}
}

@techreport{miikneur,
   author = {R. Miikkulainen},
   institution = {University of California, Los Angeles},
   number = {UCLA-AI-90-03},
   title = {A Neural Network Model of Script Processing and Memory},
   year = {1990}
}

@techreport{miikscri,
   author = {R. Miikkulainen},
   institution = {University of California, Los Angeles},
   number = {UCLA-AI-89-10},
   title = {Script Recognition with Hierarchical Feature Maps},
   year = {1989}
}

@incollection{nechlear,
   author = {R. Neches and P. Langley and D. Klahr},
   address = cma,
   booktitle = {Production Systems Models of Learning and
 Development},
   chapter = {1},
   editor = {D. Klahr and P. Langley and R. Neches},
   pages = {1--53},
   publisher = mit,
   title = {Learning, Development, and Production Systems},
   year = {1987}
}

@book{klahlear,
   address = cma,
   booktitle = {Production Systems Models of Learning and
 Development},
   chapter = {1},
   editor = {D. Klahr and P. Langley and R. Neches},
   pages = {1--53},
   publisher = mit,
   title = {Learning, Development, and Production Systems},
   year = {1987}
}

@inproceedings{loosneur,
   author = {R. P. W. Loosemore and G. D. A. Brown and F. L. Watson},
   address = {Seattle, WA},
   booktitle = {International Joint Conference on Neural Networks},
   pages = {II-231--236},
   title = {A neural net model of normal and dyslexic spelling},
   year = {1991},
   COMMENTS = { Defines words' FRIENDS (same sound, similar spelling, like LOCKs friends are DOCK, ROCK) and ENIMIES (same sound, different spelling; enimies of SOAP are HOPE, COPE).   Trained a backprop net and found that words with enimies are harder to learn than words with friends (measured as
                                                                                                                                             attern output error).  Compared this to percentage error made by humans, and found the same results.  A resorce limited (less hidden units) net produced TSS measures comparible to dyslextic spellers percentage error score. No explicit mechanism for producing errors.  Concludes that dyslextic and no
                                                                                                                                             mal spellers are not differnt in terms of types of processing; and that learning to spell is a statistical problem, not a rule based one.}
}

@incollection{debuggy,
   author = {R. R. Burton},
   address = {London},
   booktitle = {Intelligent Tutoring Systems},
   editor = {D. H. Sleeman and J. S. Brown},
   pages = {157--183},
   publisher = {Academic Press},
   title = {Diagnosing bugs in a simple procedural skill},
   year = {1982}
}

@misc{leigauto,
   author = {R. R. Leighton and B. C. Conrath},
   howpublished = {To appear {\em Proceedings of the International Joint
 Conference on Neural Networks}},
   title = {The Autoregressive Backpropagation Algorithm},
   year = {1991}
}

@article{siegmech,
   author = {R. S. Siegler},
   journal = {Annual Review of Psychology},
   pages = {353--379},
   title = {Mechanisms of Cognitive Development},
   volume = {40},
   year = {1988},
   comments = "Review of neural, associative (PDP), encoding, analogy and
                                                                                                                                                                                                                                                       strategy choice aspects of development. Suggests that they all have one
                                                                                                                                                                                                                                                       thing in common: competition"
}

@article{siegmult,
   author = {R. S. Siegler},
   journal = jep:g,
   number = {3},
   pages = {258--275},
   title = {Strategy choice procedures and the development of
 multiplication skill},
   volume = {117},
   year = {1988}
}

@incollection{siegsub,
   author = {R. S. Siegler},
   address = {Oxford},
   booktitle = {Cognitive Processes in Mathematics},
   editor = {J. A. Sloboda and D. Rogers},
   pages = {81--106},
   publisher = {Clarendon Press},
   title = {Strategy choices in subtraction},
   year = {1987},
   comments = "Descibes the differenct strategies children use to
                                                                                                                                                                                                                                                       subtract numbers, and a sequential model to account for their
                                                                                                                                                                                                                                                       selection.  Provides an explanation for how children learn to
                                                                                                                                                                                                                                                       subtract, based on an associative model. Notes interference from
                                                                                                                                                                                                                                                       related operations, e.g., x and +."
}

@incollection{siegadd,
   author = {R. S. Siegler and J. Shrager},
   address = hnj,
   booktitle = {Origins of Cognitive Skills: The Eighteenth Annual
 Carnegie Symposium of Cognition},
   editor = {C. Sophian},
   pages = {229--293},
   publisher = lea,
   title = {Strategy choices in addition and subtraction: how do children know what to do?},
   year = {1984}
}

@incollection{dallspee,
   author = {R. Z. Dallaway},
   booktitle = {Artificial Neural Networks \uppercase{II}: \uppercase{P}roceedings of the International Conference on Artificial Neural Networks
},
   editor = {I. Aleksander and J. Taylor},
   pages = {1369-1372},
   publisher = esp,
   title = {The speed and slips of mental arithmetic},
   year = {1992}
}

@incollection{starsymb,
   author = {R. J. Stark},
   booktitle = {Artificial Neural Networks \uppercase{II}: \uppercase{P}roceedings of the International Conference on Artificial Neural Networks
},
   editor = {I. Aleksander and J. Taylor},
   pages = {753--756},
   publisher = esp,
   title = {A symbolic/subsymbolic interface for variable instantiation},
   year = {1992}
}

@incollection{iot90,
   author = {R. Z. Dallaway},
   booktitle = {The Third White House Papers: Graduate Research in
 the Cognitive Sciences at Sussex},
   editor = {L. Cahill and D. Cliff},
   publisher = {Technical report CSRP~172, University of Sussex,
 School of Cognitive and Computing Sciences, Brighton, UK},
   title = {Serial Processing in Parallel Networks: \uppercase{M}otives},
   year = {1990}
}

@incollection{iot91,
   author = {R. Z. Dallaway},
   booktitle = {The Fourth White House Papers: Graduate Research in
 the Cognitive and Computing Sciences at Sussex},
   editor = {R. Z. Dallaway and T. {del Soldato} and L. Mozer},
   publisher = {Technical report CSRP 200, University of Sussex,
 School of Cognitive and Computing Sciences, Brighton, UK},
   title = {Children's Arithmetic and Connectionism},
   year = {1991}
}

@misc{shar,
   author = {S. Ainsworth},
   howpublished = {Unpublished project, Portsmouth Polytechnic, UK},
   title = {A model of children's multiplication skills},
   year = {1991}
}

@mastersthesis{attimicr,
   author = {M. G. Attisha},
   address = {University of Exeter},
   month = apr,
   school = {Faculty of Science},
   title = {A microcomputer based tutoring system for self-improving and teaching techniques in arithmetic skills},
   year = {1983}
}

@techreport{fahlempi,
   author = {S. E. Fahlman},
   address = ppa,
   institution = cmu,
   number = {CMU-CS-88-162},
   title = {An Empirical Study of Learning Speed in Back-Propagation
 Networks},
   year = {1988}
}

@techreport{rcascor,
   author = {S. E. Fahlman},
   address = ppa,
   institution = cmu,
   number = {CMU-CS-91-100},
   title = {The Recurrent Cascade-Correlation Architecture},
   year = {1991}
}

@techreport{cascor,
   author = {S. E. Fahlman and C. Lebiere},
   address = ppa,
   institution = cmu,
   number = {CMU-CS-90-100},
   title = {The Cascade-Correlation Learning Architecture},
   year = {1990}
}

@article{finchybr,
   author = {S. Finch and N. Chater},
   institution = {Center for Cognitive Science, University of Edinburgh,
 UK},
   journal = aisb,
   pages = {16--24},
   title = {A hybrid approach to the automatic learning of linguistic
 categories},
   volume = {78},
   year = {1991},
   comments = "Used a net to find the bigram (co-occurance) frequencies of
                                                                                                                                                                                                                                                       words, and extracted a tree with a cluster algorithm.  This Network learns
                                                                                                                                                                                                                                                       verbs/const. and also det.s verbs and so on."
}

@inbook{adapt2:6,
   author = {S. Grossberg},
   address = {Amsterdam},
   booktitle = {The Adaptive Brain II: Vision, Speech, Language and
 Motor Control},
   chapter = {6},
   note = {First published in Schwab \& Nusbaum, eds., 1986 {\em
 Pattern Recognition by Humans and Machines,} volume 1: Speech
 Perception. Academic Press Inc.},
   pages = {313--402},
   publisher = {Elsevier},
   title = {The Adaptive Self-Organization of Serial Order in
 Behavior: Speech, Language, and Motor Control},
   year = {1988}
}

@incollection{hennwhy,
   author = {S. Hennessy},
   address = {London},
   booktitle = {Guided Discovery Tutoring: A Framework for
 \uppercase{ICAI} Research},
   chapter = {10},
   editor = {M. Elsom-Cook},
   publisher = {Paul Chapman Publishing},
   title = {Why bugs are not enough},
   year = {1990},
   comments = "Critical of much of bug work from a theoretical standpoint.
                                                                                                                                                                                                                                                       Argues for semantic knowledge, redescription."
}

@misc{mareconn,
   author = {D. Mareschal and T. R. Shultz},
   booktitle = {Proceedings of the Fifteenth Annual Conference of the Cognitiove Science Socirty},
   howpublished = {To appear in the Proceedings of the Fifteenth Annual Conference of the Cognitive Science Society},
   publisher = lea,
   title = {A connectionist model of the development of seriation},
   year = {1993}
}

@article{gallconn,
   author = {S. I. Gallant},
   journal = {Communications of the ACM},
   number = {2},
   pages = {152--169},
   title = {Connectionist Expert Systems},
   volume = {31},
   year = {1988}
}

@article{hanswhat,
   author = {S. J. Hanson and D. J. Burr},
   journal = bbs,
   pages = {471--518},
   title = {What connectionist models learn: \uppercase{L}earning and representation in connectionist networks},
   volume = {13},
   year = {1990}
}

@techreport{hanscomp,
   author = {S. J. Hanson and L. Y. Pratt},
   institution = {Cognitive Science Laboratory, Princeton
 University},
   number = {CSL 36},
   title = {Comparing biases for minimal network construction with
 back-propagation},
   year = {1989}
}

@techreport{nowlmax,
   author = {S. J. Nowlan},
   address = {Toronto, Canada},
   institution = {Department of Computer Science, University of
 Toronto},
   number = {CRG-TR-90-2},
   title = {Max likelihood competition in {RBF} networks},
   year = {1990}
}

@article{paynalge,
   author = {S. J. Payne and H. R. Squibb},
   journal = {Cognitive Science},
   pages = {445--481},
   title = {Algebra Mal-Rules and Cognitive Accounts of Error},
   volume = {14},
   year = {1990},
   comments = "Support semantic elements of ALGEBRA; slips and mistakes
                                                                                                                                                                                                                                                       distinction"
}

@article{lewamemo,
   author = {S. Lewandowsky and B. B. {Murdock Jr.}},
   journal = {Psychological Review},
   pages = {25--57},
   title = {Memory for Serial Order},
   volume = {96},
   year = {1989}
}

@article{sokocogn,
   author = {S. M. Sokol and M. McCloskey and N. J. Cohen and D.
 Aliminosa},
   journal = {Journal of Experimental Psychology: Learning, Memory, and
 Cognition},
   number = {3},
   pages = {355-376},
   title = {Cognitive representations and processes in arithmetic: inferences from the performance of brain-damaged subjects},
   volume = {17},
   year = {1991}
}

@article{sokodefe,
   author = {S. M. Sokol and R. Goodman-Schulman and M. McCloskey},
   journal = jep:g,
   number = {1},
   pages = {105-110},
   title = {In Defense of a modular architecture for the number-processing system: \uppercase{R}eply to Campbell and Clark},
   volume = {118},
   year = {1989}
}

@techreport{nolflear,
   author = {S. Nolfi and J. L. Elman and D. Parisi},
   address = ljca,
   institution = crl,
   number = {CRL-9019},
   title = {Learning and Evolution in Neural Networks},
   year = {1990}
}

@article{ohlsfunc,
   author = {S. Ohlsson and E. Rees},
   journal = {Cognition and Instruction},
   number = {2},
   title = {The function of conceptual understanding in the learning of
 arithmetic procedures},
   volume = {8},
   year = {1991}
}

@incollection{pinklang,
   author = {S. Pinker and A. Prince},
   address = cma,
   booktitle = {Connections and Symbols},
   editor = {S. Pinker and J. Mehler},
   note = {Reprinted from {\em Cognition}, volume~28},
   pages = {73--193},
   publisher = mit,
   title = {On Language and Connectionism: analysis of a
 Parallel Distributed Processing Model of Language Acquisition},
   year = {1988}
}

@phdthesis{viscmemo,
   author = {S. R. Viscuso},
   address = {Providence, RI},
   school = {Department of Psychology, Brown University},
   title = {Memory for Arithmetic Facts: A Perspective Gained from Two
 Methodologies},
   year = {1989}
}

@incollection{viscrepr,
   author = {S. R. Viscuso and J. A. Anderson and K. T. Spoehr},
   address = {Chichester, UK},
   booktitle = {Advances in Cognitive Science},
   editor = {G. Tiberghien},
   publisher = {Ellis Horwood},
   title = {Representing simple arithmetic in neural networks},
   volume = {2},
   year = {1989},
   comments = "Model of magnitude effect."
}

@article{wermhybr,
   author = {S. Wermter and W. G. Lehnert},
   journal = {Connecction Science},
   number = {3},
   pages = {255--272},
   title = {A Hybrid Symbolic/Connectionist Model for Noun Phrase
 Understanding},
   volume = {1},
   year = {1989},
   comments = "Symbolic system finds prepositional components of
                                                                                                                                                                                                                                                       sentences; BP net prodicts the plausibility of combinations of
                                                                                                                                                                                                                                                       attacthments; Localist relaxation net uses these probabilities to find
                                                                                                                                                                                                                                                       attathcments. Comparable perfomance -- but  on harder task
                                                                                                                                                                                                                                                       (multi-attatchment) -- than `pure' systems.  Aquires part of its knowledge
                                                                                                                                                                                                                                                       from learning"
}

@incollection{langanal,
   author = {T. E. Land and E. R. Melz and C. M. Wharton and K. J.
 Holyoak},
   address = smca,
   booktitle = {Proceedings of the 1990 Connectionist
 Models Summer School},
   editor = {D. S. Touretzky and J. L. Elman and T. Sejnowski and G.
 Hinton},
   organization = {Carnegie Mellon University},
   pages = {265--276},
   publisher = mkp,
   title = {Analogical Retrieval Within a Hybrid Spreading-Activtion
 Network},
   year = {1991}
}

@book{kohonen,
   author = {T. Kohonen},
   edition = {third},
   publisher = {Springer-Verlag},
   title = {Self-Organization and Associative Memory},
   year = {1988}
}

@incollection{kohostor,
   author = {T. Kohonen and E. Oja and P. Lehti\"o},
   address = hnj,
   booktitle = {Parallel Models of Associative Memory},
   chapter = {4},
   edition = {Updated},
   editor = {Hinton and Anderson},
   pages = {129--167},
   publisher = lea,
   title = {Storage and Processing of Information in Distributed
 Associative Memory Systems},
   year = {1981},
   bookyear = "1989"
}

@techreport{platholo,
   author = {T. A. Plate},
   address = {Ontario, Canada},
   institution = {Department of Computer Science, University of
 Toronto},
   number = {CRG-TR-91-1},
   title = {Holographic Reduced Representations},
   year = {1991}
}

@incollection{shulsimu,
   author = {T. R. Shultz},
   address = smca,
   booktitle = {Machine Learning: Proceedings of the Eighth International
 Workshop},
   editor = {L. Birnbaum and G. Collins},
   pages = {105--109},
   publisher = mkp,
   title = {Simulating Stages of Human Cognitive Development with
 Connectionist Models},
   year = {1991},
   comments = "Reviews the major regularities in stage development and
                                                                                                                                                                                                         shows that PDP is consistent with them.  Stages result from solving part of
                                                                                                                                                                                                         a problem before solving the whole thing.  Itemizes that ways this can
                                                                                                                                                                                                         happen in a net:  hidden unit hearding; over-generalization; training
                                                                                                                                                                                                         pattern bias; and, hidden unit recruitment"
}

@incollection{shulcasc,
   author = {T. R. Shultz and W. C. Schmidt},
   address = hnj,
   booktitle = {Proceedings of the Thirteenth Annual Conference of the
 Cognitive Science Society},
   pages = {635--640},
   publisher = lea,
   title = {A Cascade-Correlation Model of Balance Scale Phenomena},
   year = {1991},
   comments = "Exceeds McClelland's model and symbolic models by including
                                                                                                                                                                                                                                                       the tourque difference effect.   This can only be caputred by symbolic
                                                                                                                                                                                                                                                       models if it computes the torque difference before stage 4 (when the S
                                                                                                                                                                                                                                                       computes the torque difference"
}

@incollection{nettalk,
   author = {T. Sejnowski and Rosenberg},
   address = cma,
   booktitle = {Neurocomputing: Foundations for Research},
   chapter = {40},
   editor = {J. A. Anderson and E. Rosenfeld},
   note = {First published Johns Hopkins University Electrical
 Engineering and Computer Science Technical Report
 JHU/EECS-86/01.},
   pages = {663--672},
   publisher = mit,
   title = {NETtalk: a Parallel Network that Learns to Read Aloud},
   year = {1986},
   bookyear = "1989"
}

@incollection{vangptc,
   author = {T. {van Gelder}},
   address = hnj,
   booktitle = cogsci92,
   pages = {641--646},
   publisher = lea,
   title = {``\uppercase{T}he Proper Treatment of Cognition''
},
   year = {1992}
}

@incollection{dallmemo,
   author = {R. Z. Dallaway},
   address = hnj,
   booktitle = cogsci92,
   pages = {558--563},
   publisher = lea,
   title = {Memory for Multiplication Facts},
   year = {1992}
}

@incollection{angeevol,
   author = {P. J. Angeline and J. B. Pollack},
   address = hnj,
   booktitle = cogsci92,
   pages = {236--241},
   publisher = lea,
   title = {The evolutionary induction of subroutines},
   year = {1992}
}

@techreport{montstro,
   author = {D. J. Montana},
   address = {Cambridge, MA},
   institution = {Bolt, Bernek and Newman Inc.},
   number = {7866},
   title = {Strongly typed genetic programming},
   year = {1993}
}

@incollection{starlear,
   author = {R. J. Stark},
   address = hnj,
   booktitle = cogsci92,
   pages = {36--41},
   publisher = lea,
   title = {Learning relations in an interactive architecture},
   year = {1992}
}

@incollection{vangconn,
   author = {T. {van Gelder}},
   address = hnj,
   booktitle = {Proceedings of the Thirteenth Annual Conference of the Cognitive Science Society},
   pages = {499--503},
   publisher = lea,
   title = {Connectionism and Dynamical Explanation},
   year = {1991}
}

@book{ramsphil,
   author = {W. Ramsey and S. P. Stich and D. E. Rumelhart},
   address = hnj,
   publisher = lea,
   title = {Philosophy and Connectionist Theory},
   year = {1991}
}

@phdthesis{harlasso,
   author = {W. S. Harley},
   address = {Baltimore, MD},
   school = {Johns Hopkins University},
   title = {Associative Memory in Mental Arithmetic},
   year = {1991}
}

@inproceedings{miyaorga,
   author = {Y. Miyata},
   booktitle = {Proceedings of the Ninth Annual Conference of the
 Cognitive Science Society},
   pages = {496--507},
   title = {Organization of action sequences in motor learning: a
 connectionist approach},
   year = {1987}
}

@techreport{yuextr,
   author = {Y. Yu and R. F. Simmons},
   address = {University of Texas, Austin, Texas},
   institution = {Department of Computer Sciences and Artificial Intelligence Laboratory},
   number = {AI90-128},
   title = {Extra Output biased Learning},
   year = {1990},
   COMMENTS = {Shows that training a BP net on a realted problem (e.g., counting
                                                                                                                                                                                                                                                      number of 1 bits for learning partity) can speed learning and inprove
                                                                                                                                                                                                                                                      generalization.  Notes that (quote) Improvement depends on the size of the intersection of the two classes of possiblemapping functions.  In so far as the intersection is non empty, performance
                                                                                                                                             ay improve. (endquote) p. 6}
}

@book{zenon,
   author = {Z. W. Pylyshyn},
   address = cma,
   publisher = mit,
   title = {Computation and Cognition: Towards a Foundation for
 Cognitive Science},
   year = {1984}
}

@incollection{pylyrole,
   author = {Z. W. Pylyshyn},
   address = hnj,
   booktitle = {Architectures for Intelligence: The 22nd Carnegie Mellon Symposium on Cognition},
   chapter = {7},
   editor = {K. {VanLehn}},
   publisher = lea,
   title = {The Role of Cognitive Architecture in Theories of Cognition},
   year = {1991}
}

@incollection{simocogn,
   author = {H. A. Simon},
   address = hnj,
   booktitle = {Architectures for Intelligence: The 22nd Carnegie Mellon Symposium on Cognition},
   chapter = {2},
   editor = {K. {VanLehn}},
   publisher = lea,
   title = {Cognitive Architectures and Rational Analysis: comment},
   year = {1991}
}

@incollection{andeplac,
   author = {J. R. Anderson},
   address = hnj,
   booktitle = {Architectures for Intelligence: The 22nd Carnegie Mellon Symposium on Cognition},
   chapter = {2},
   editor = {K. {VanLehn}},
   publisher = lea,
   title = {The Place of Cognitive Architectures in a Rational Analysis},
   year = {1991}
}

@incollection{vanlgoal,
   author = {K. {VanLehn} and W. Ball},
   address = hnj,
   booktitle = {Architectures for Intelligence: The 22nd Carnegie Mellon Symposium on Cognition},
   chapter = {6},
   editor = {K. {VanLehn}},
   publisher = lea,
   title = {Goal reconstruction: how \uppercase{T}eton blends situated action and planned action},
   year = {1991}
}

@incollection{schninst,
   author = {W. Schneider and W. L. Oliver},
   address = hnj,
   booktitle = {Architectures for Intelligence: The 22nd Carnegie Mellon Symposium on Cognition},
   chapter = {5},
   editor = {K. {VanLehn}},
   publisher = lea,
   title = {An Instructable Connectionist/Control Architecture:  Using Rule-Based Instructions to Accomplish Connectionist Learning in a Human Time Scale},
   year = {1991}
}

@incollection{rosetowa,
   author = {P. S. Rosenbloom and A. Newell and J. E. Laird},
   address = hnj,
   booktitle = {Architectures for Intelligence: The 22nd Carnegie Mellon Symposium on Cognition},
   chapter = {4},
   editor = {K. {VanLehn}},
   publisher = lea,
   title = {Towards the Knowledge Level in \uppercase{S}oar: the Role of the Architecture in the Use of KNowledge},
   year = {1991}
}

@incollection{fodoconn,
   author = {J. A. Fodor and Z. W. Pylyshyn},
   address = cma,
   booktitle = {Connections and Symbols},
   editor = {S. Pinker and J. Mehler},
   note = {Reprinted from {\em Cognition: International Journal of Cognitive Science}, volume 38},
   pages = {3--71},
   publisher = mit,
   title = {Connectionism and cognitive architecture: a critical analysis},
   year = {1988}
}

@incollection{iot92,
   author = {R. Z. Dallaway},
   booktitle = {The Fifth White House Papers: Graduate Research in
    the Cognitive and Computing Sciences at Sussex},
   editor = {C. Wood and R. Davidge and P. Costa},
   year = {1992},
   University = {Connectionism: Animal Models for Cognitive Science}
}
